3636 5820
454 872 497 934 32
789 883 892 934 erana
913 883 1158 934 ousrunsauu.
1354 873 1452 950 [unu.
1468 887 1510 936 11.

455 1085 474 1114 ‘¹
495 1074 640 1141 eundum
664 1074 835 1160 antiquam
862 1072 1132 1140 consuetudinem
1159 1071 1328 1154 eivitatis;
1360 1078 1394 1139 et
1417 1075 1506 1161 quod

456 1185 474 1215 “
497 1177 585 1244 infra
607 1199 717 1243 muros
742 1198 839 1243 nemo
864 1176 972 1263 capiat
998 1175 1177 1262 hospitium
1199 1197 1257 1263 per
1279 1176 1349 1242 vim
1371 1177 1427 1242 vel
1448 1200 1507 1265 per

456 1287 474 1320 “
496 1281 724 1347 liberationem
739 1279 930 1346 Marescalli.
978 1277 1053 1344 Hoc
1073 1279 1174 1345 etiam
1189 1279 1236 1344 eis
1251 1279 1402 1357 concessi,
1418 1281 1506 1367 quod

456 1390 474 1420 “
497 1405 610 1450 omnes
630 1383 718 1450 cives
743 1382 989 1450 Londoniarum
1007 1381 1075 1447 sint
1098 1382 1204 1468 quieti
1227 1382 1268 1448 de
1283 1381 1457 1450 theoloneo
1472 1389 1507 1450 et

458 1493 475 1523 “
499 1487 646 1574 lestagio,
663 1507 721 1574 per
741 1491 848 1552 totam
865 1484 1025 1572 Angliam
1041 1488 1076 1551 et
1096 1505 1155 1572 per
1175 1490 1311 1572 portum
1327 1486 1449 1566 maris3
1473 1493 1508 1552 et

457 1599 475 1626 “
498 1590 587 1676 quod
610 1589 722 1655 nullus
749 1589 789 1654 de
819 1587 1041 1654 misericordia
1071 1586 1219 1674 pecuniae
1239 1587 1417 1674 judicetur,
1441 1589 1506 1654 nisi

457 1699 475 1730 “
498 1693 676 1760 secundum
705 1692 811 1780 legem
841 1689 988 1758 civitatis
1017 1711 1117 1776 quam
1146 1689 1334 1757 habuerunt
1359 1695 1506 1780 tempore

457 1803 475 1832 “
499 1795 636 1861 Henrioi
662 1795 771 1883 Regis,
796 1794 852 1860 avi
874 1793 940 1859 mei
951 1818 960 1874 ;
982 1799 1017 1859 et
1036 1793 1125 1880 quod
1149 1793 1184 1860 in
1205 1793 1341 1860 civitate
1363 1793 1400 1859 in
1414 1793 1505 1860 nullo

457 1907 475 1934 “
497 1899 618 1987 placito
642 1899 687 1966 sit
713 1896 953 1984 Meskenninga
965 1921 973 1977 3
1005 1901 1039 1962 et
1069 1896 1157 1983 quod
1181 1896 1377 1984 Hustengus
1406 1897 1506 1964 semel

456 2009 475 2038 “
497 2007 628 2068 tantum
651 2001 687 2066 in
706 2000 912 2067 hebdomada
935 2004 1110 2079 teneatur;
1133 2005 1168 2065 et
1191 1998 1281 2086 quod
1300 2005 1406 2066 terras
1421 2023 1505 2084 suas,

458 2111 475 2140 “
498 2110 532 2172 et
551 2108 693 2183 teum-as,
709 2109 745 2170 et
764 2103 962 2180 vadimonia,
978 2107 1013 2168 et
1033 2101 1147 2168 debita
1166 2101 1276 2169 omnia
1297 2103 1387 2189 juste
1410 2103 1507 2170 babe-

458 2215 475 2245 “
498 2213 565 2288 ant,
583 2209 770 2296 quicunque
786 2207 833 2272 eis
848 2203 968 2272 debeat
982 2229 990 2286 ;
1012 2209 1047 2271 et
1069 2205 1110 2271 (le
1128 2205 1226 2271 terris
1242 2205 1310 2272 suis
1325 2211 1360 2270 et
1375 2210 1507 2274 tenuris

457 2317 477 2349 “
499 2333 572 2398 quae
592 2310 679 2376 iufra
693 2310 808 2377 urbem
831 2314 919 2388 sunt,
941 2313 1068 2374 rectum
1089 2309 1135 2373 eis
1157 2312 1310 2375 teneatur
1327 2309 1506 2377 secundum

459 2423 475 2450 “
498 2415 602 2501 legem
630 2413 775 2480 civitatis
787 2437 795 2493 ;
819 2417 854 2478 et
877 2413 918 2477 de
939 2411 1092 2478 omnibus
1117 2411 1238 2477 debitis
1258 2412 1326 2477 suis
1355 2435 1429 2501 quae
1454 2437 1505 2481 ac-

459 2523 475 2552 “
499 2516 706 2582 commodata
730 2515 856 2581 fuerint
879 2512 967 2602 apud
983 2512 1179 2592 Londonias,
1195 2519 1229 2580 et
1254 2515 1294 2581 de
1309 2517 1507 2584 vadimoniis

460 2627 477 2656 “
500 2617 623 2684 ibidem
637 2617 741 2692 factis,
763 2615 885 2704 placita
911 2615 999 2703 apud
1024 2615 1219 2682 Londoniae.
1267 2617 1313 2683 Et
1333 2621 1361 2686 si
1382 2621 1455 2708 quis
1470 2621 1506 2686 in

458 2726 478 2757 “
500 2725 572 2787 tota
587 2719 711 2808 Anglia
731 2719 941 2785 theoloneum
965 2723 1000 2785 et
1020 2719 1289 2786 consuetudinem
1309 2722 1352 2788 ab
1366 2723 1506 2790 bomini·

460 2831 478 2860 “
499 2824 562 2890 bus
590 2821 834 2889 Londoniarum
857 2823 986 2908 ceperit,
1007 2826 1182 2908 postquam
1205 2822 1274 2910 ipse
1298 2847 1319 2890 a
1342 2831 1430 2892 recto
1452 2825 1507 2893 de-

459 2935 476 2962 “
499 2925 620 3006 fecerit,
646 2925 831 2991 Viceoomes
862 2923 1106 2990 Londoniarum
1135 2925 1282 2992 namirun
1312 2927 1390 2994 inde
1420 2929 1507 3018 apud

459 3035 476 3066 “
501 3029 688 3094 Londonias
711 3027 827 3115 capiat.
874 3025 1025 3094 Concedo
1055 3026 1156 3092 etiam
1181 3027 1237 3110 eis,
1254 3030 1342 3115 quod
1362 3029 1508 3099 habeant

459 3139 477 3168 “
500 3131 686 3218 fugationes
700 3152 785 3210 suas,
810 3130 1007 3216 ubicumque
1032 3129 1220 3196 habuerunt
1239 3136 1385 3219 tempore
1408 3133 1507 3223 Regis

462 3243 481 3270 “
507 3234 653 3314 Hauriat,
684 3234 740 3298 avi
763 3233 837 3300 mei.
882 3233 1023 3320 Insuper
1041 3232 1150 3312 etiam,
1175 3233 1218 3298 ad
1243 3235 1507 3304 emendationem

459 3344 477 3373 “
501 3337 657 3417 civitatis,
677 3337 724 3402 eis
739 3335 880 3402 concessi
896 3335 986 3422 quod
999 3336 1068 3402 sint
1083 3335 1189 3421 quieti
1205 3335 1247 3402 de
1270 3337 1451 3420 Brudtolle,
1473 3347 1508 3408 et

459 3447 477 3477 “
500 3439 542 3505 de
558 3438 755 3525 Childwyte,
765 3444 799 3505 et
814 3438 855 3505 de
867 3435 1051 3516 ¹Yaresive,
1068 3443 1104 3504 et
1123 3437 1164 3504 de
1183 3438 1332 3521 Scotale;
1355 3441 1405 3507 ita
1420 3445 1508 3529 quod

457 3551 475 3580 “
500 3542 689 3609 Vicecomes
713 3563 806 3608 meus
831 3541 1088 3621 Londoniarum,
1114 3541 1167 3607 vel
1188 3541 1307 3628 aliquis
1334 3543 1418 3610 alius
1439 3546 1509 3612 bal·

461 3654 478 3680 “
501 3645 598 3726 livua,
626 3644 805 3711 Scotallam
829 3665 897 3710 non
920 3644 1028 3710 faciat
1073 3643 1146 3708 Has
1172 3643 1347 3730 praedictas
1377 3669 1512 3715 consuen

460 3757 478 3784 “
502 3748 635 3814 tudines
661 3748 707 3814 eis
730 3747 879 3826 concedo,
902 3752 938 3813 et
961 3767 1073 3812 omnes
1091 3746 1171 3812 alias
1188 3746 1358 3815 libertates
1375 3755 1409 3816 et
1432 3773 1510 3818 oon·

460 3857 478 3888 “
501 3850 693 3917 suetudines
719 3849 847 3930 liberas,
874 3870 956 3935 quas
979 3848 1166 3916 habuerunt
1192 3854 1339 3936 tempore
1369 3852 1507 3920 Henriei

503 3955 612 4044 Regis,
629 3953 685 4018 avi
700 3953 774 4032 mei,
799 3951 932 4038 quando
956 3949 1104 4019 meliores
1125 3951 1179 4017 vel
1198 3951 1365 4020 liberiores
1386 3955 1510 4023 habue-

460 4064 479 4095 “
501 4063 588 4124 runt.
636 4055 744 4138 Quare
769 4053 846 4120 volo
869 4059 904 4120 et
929 4053 1068 4120 tirmiter
1089 4054 1250 4142 praecipio,
1276 4057 1364 4142 quod
1385 4059 1458 4146 ipsi,
1473 4066 1508 4127 et

459 4173 477 4198 “
500 4159 647 4227 haeredes
689 4178 813 4238 eorum,
842 4155 912 4222 haec
952 4157 1109 4243 praedicta
1147 4158 1257 4224 omnia
1300 4159 1510 4229 haereditarie

460 4273 478 4303 “
501 4263 645 4330 babeant
671 4267 705 4326 et
728 4264 864 4326 teneant
890 4259 930 4325 de
954 4282 1007 4325 me
1030 4264 1066 4325 et
1085 4259 1270 4327 hoeredibus
1291 4263 1382 4329 meis.
1430 4264 1508 4332 Hiis

460 4377 476 4406 “
500 4364 651 4442 testibus,
668 4362 923 4450 Archiepiscopo
950 4361 1149 4446 Cantuariae,
1173 4361 1316 4431 Rioardo
1347 4365 1512 4456 Episcopo

460 4477 478 4508 “
502 4463 774 4536 Londoniarum”

459 4663 602 4672 ...υ-ι.-

709 4794 717 4825 ¹
729 4793 803 4846 More
813 4794 929 4862 properly
946 4793 1074 4862 Yereapioe
1084 4813 1114 4850 or
1124 4799 1256 4866 arctatae.
