3600 5822
486 818 553 882 258
822 831 926 884 usus
947 829 1194 886 common
1320 813 1381 906 [12
1396 831 1483 886 mv.
1501 831 1539 886 n

488 1029 506 1057 “
529 1023 539 1056 ‘
552 1019 665 1098 nostri,
678 1041 778 1106 quam
789 1018 867 1086 inde
882 1018 1018 1101 habent,
1033 1017 1279 1087 rationabiliter
1292 1017 1371 1086 inde
1384 1023 1538 1087 testatur.

486 1129 505 1160 “
530 1122 714 1201 ‘'i'estibus,
756 1121 909 1188 Dominis
954 1122 1133 1189 Eustachio
1171 1121 1402 1201 Londoniensi,
1437 1121 1538 1188 Petro

486 1229 504 1260 “
528 1223 793 1310 ‘Wyntoniensi
829 1223 981 1291 Jouelino
1013 1222 1239 1304 Bothoniensi,
1265 1223 1407 1290 Rioardo
1431 1223 1536 1290 Saris-

485 1332 504 1362 “
529 1326 695 1408 ‘biriensi
735 1326 926 1414 Episcopis3
965 1325 1120 1394 Huberto
1159 1325 1201 1392 de
1242 1325 1363 1414 Burgo‚
1405 1325 1535 1394 comite

485 1435 503 1462 ‘⁴
527 1437 535 1465 ‘
552 1427 698 1506 Kanoiae,
714 1427 737 1494 J
740 1427 906 1494 usticiario
921 1431 1042 1509 nostro,
1059 1427 1210 1494 Gilberto
1225 1427 1267 1494 de
1283 1426 1388 1507 Clare,
1405 1425 1536 1494 Oomite

485 1535 504 1566 “
528 1528 740 1596 ‘Glovemiae
764 1535 799 1596 et
824 1529 1030 1598 Hertfordiae
1042 1553 1051 1612 ;
1075 1529 1251 1616 Radulpho
1277 1529 1348 1596 filio
1372 1529 1533 1610 Nioholai‚

484 1637 503 1669 “
527 1632 692 1698 ‘Rioardo
707 1631 913 1720 Argenteim,
938 1631 1135 1700 Senescailis
1156 1631 1288 1700 nostris
1333 1631 1460 1698 Datum
1474 1653 1534 1718 per

485 1741 502 1771 “
526 1741 685 1800 ‘manum
709 1735 906 1801 venerabilis
941 1736 1046 1822 patris
1076 1735 1191 1817 nostri,
1216 1733 1393 1821 Radulphi,
1425 1734 1533 1802 Ciues-

483 1841 502 1874 “
525 1841 534 1872 ‘
548 1837 669 1902 irensis
683 1836 844 1925 Episoopi,
862 1835 1056 1904 Oanoellarii
1078 1837 1191 1916 nostri,
1208 1836 1297 1924 apud
1312 1835 1534 1902 Wsstmonas·

482 1943 500 1974 ‘¹
523 1938 677 2019 ‘terium
704 1939 789 2006 xviii
815 1939 870 2004 die
897 1938 1080 2020 Februarii,
1110 1961 1198 2006 anno
1233 1939 1328 2027 regni
1349 1938 1455 2006 nostri
1476 1940 1533 2006 xit

482 2047 501 2078 “
524 2041 758 2128 ‘Inspeximus
788 2039 890 2108 etiam
923 2041 1090 2127 quandum
1120 2041 1221 2108 eiiam
1244 2039 1409 2120 Chartam,
1433 2063 1532 2128 quam

481 2151 500 2181 “
524 2143 635 2209 ‘idem
649 2149 745 2232 peter
765 2147 878 2210 noster
895 2137 1005 2230 [feeit]
1021 2165 1082 2230 pro
1095 2143 1262 2210 eommuni
1285 2142 1431 2210 utilitate
1453 2143 1534 2210 eivi-

481 2253 499 2280 “
523 2246 626 2312 ‘tetis
657 2267 726 2312 suae
742 2245 998 2326 Londoniarum,
1019 2250 1054 2312 et
1075 2245 1181 2314 totius
1203 2246 1298 2333 regni
1320 2245 1380 2326 sui,
1403 2245 1442 2312 in
1463 2245 1534 2312 haeo

478 2355 508 2402 “-
521 2356 529 2385 ‘
543 2350 646 2416 verba
657 2347 886 2426 z-Henrious,
903 2347 967 2412 Dei
988 2347 1105 2435 grstia,
1122 2347 1196 2414 Rex
1214 2348 1354 2436 Anglim,
1372 2348 1534 2414 Dominus

479 2457 496 2486 ‘⁴
520 2450 725 2528 ‘Hibernira
758 2451 839 2516 Dux
870 2449 1086 2518 Normannire
1109 2449 1391 2536 unquamne,
1415 2451 1533 2518 Comes

479 2559 497 2586 ‘¹
521 2553 758 2640 ‘Andegavim
797 2550 1067 2639 Arohiepisoopis,
1112 2551 1291 2640 Episoopis‚
1333 2551 1529 2632 Abbatibus,

479 2661 497 2688 ‘⁴
521 2653 721 2734 ‘Prioribus
751 2653 945 2733 comitibus,
974 2653 1167 2734 Beronibus,
1198 2654 1410 2736 Justioinriis,
1435 2655 1530 2722 Viee-

478 2763 497 2792 “
520 2756 726 2836 ‘comitibus
758 2755 959 2836 Senesoallis,
993 2754 1233 2840 ¹Oanoellariis,
1257 2756 1529 2838 Constabulnriis,

476 2867 495 2896 “
519 2857 682 2937 ‘ballivis
713 2857 875 2924 ministris
906 2859 983 2939 suis,
1016 2863 1051 2924 et
1082 2858 1236 2926 omnibus
1265 2857 1419 2926 fidelibus
1451 2859 1527 2940 uus,

477 2968 495 2997 ‘⁴
518 2961 691 3027 ‘salutem
736 2959 879 3026 Noverit
893 2959 1110 3028 'universitas
1132 2965 1245 3028 vestra
1266 2981 1327 3028 nos
1341 2982 1401 3048 pro
1421 2963 1530 3030 salute

476 3071 494 3098 “
518 3064 663 3130 ‘animae
685 3067 816 3142 nostrae,
833 3069 869 3129 et
884 3083 945 3150 pro
960 3063 1068 3130 salute
1083 3063 1204 3130 enimae
1218 3062 1392 3142 Johonnis,
1417 3062 1526 3151 Regis,

476 3173 493 3202 “
518 3167 645 3253 ‘petris
670 3166 784 3245 nostri,
801 3171 836 3233 et
857 3164 1046 3232 animarum
1072 3170 1315 3232 anteoessorum
1328 3169 1524 3246 nostrorum,

474 3276 493 3305 “
517 3277 667 3334 ‘necnon
690 3276 725 3336 et
747 3289 807 3355 pro
842 3268 1009 3334 communi
1039 3269 1187 3336 utilitate
1217 3267 1367 3336 eivitatis
1403 3273 1526 3336 nostree

474 3378 492 3408 “
515 3370 783 3437 ‘Londoniarum
807 3375 842 3436 et
864 3371 968 3437 totius
991 3371 1085 3458 regni
1118 3371 1233 3449 nostri,
1268 3370 1461 3436 conoessisse
1491 3375 1528 3437 et

474 3479 491 3508 “
515 3474 680 3539 ‘firmiter
713 3471 910 3560 praecepisse,
934 3477 974 3538 ut
1004 3493 1116 3538 omnes
1149 3470 1276 3538 Kidelli
1307 3472 1367 3559 qui
1389 3473 1526 3542 suntin

473 3580 491 3611 “
516 3575 707 3640 ‘Thamisia
738 3579 773 3640 et
805 3575 842 3640 in
864 3574 1052 3652 Medoweie,
1090 3573 1289 3661 ubicumque
1326 3574 1452 3642 fuerint
1488 3575 1525 3641 in

472 3683 491 3712 “
516 3677 707 3743 ‘Thamisia
728 3681 763 3742 et
796 3677 833 3742 in
865 3676 1055 3756 Medeveie,
1087 3680 1328 3756 amoveantur;
1361 3681 1396 3744 et
1418 3698 1462 3743 ne
1483 3676 1526 3744 de

472 3785 491 3814 “
514 3784 655 3846 ‘coetero
685 3777 810 3844 Kidelli
849 3777 971 3844 alieubi
1009 3783 1178 3866 ponantur
1206 3778 1244 3844 in
1273 3778 1441 3846 Thamisia
1469 3779 1525 3846 vel

471 3885 490 3916 “
513 3889 521 3918 ‘
545 3881 736 3962 medearis,
773 3902 872 3967 super
897 3879 1106 3948 forisfaotma
1129 3902 1153 3946 x
1184 3879 1346 3948 librarum
1370 3879 1523 3968 sterling-

470 3989 489 4018 “
513 3991 637 4050 ‘orum
687 3983 846 4064 Quietum
884 3983 985 4050 etiam
1015 3983 1229 4050 clamavimus
1258 4003 1354 4050 omne
1376 3981 1412 4049 id
1435 3983 1524 4070 quod

469 4092 488 4122 “
512 4085 698 4152 ‘Custodes
712 4084 826 4150 Turris
849 4091 973 4152 nostrae
989 4085 1236 4151 Londoninmm
1259 4085 1434 4150 annuatim
1449 4106 1522 4172 per-

469 4194 488 4224 “
511 4188 642 4274 ‘cipere
675 4186 826 4254 solebant
850 4187 892 4254 de
917 4187 1085 4275 praediotis
1114 4185 1258 4252 Kidellis
1270 4211 1280 4267 ς
1303 4208 1403 4274 quare
1426 4186 1523 4254 voln-

470 4295 490 4326 “
513 4297 618 4370 ‘mus
635 4295 671 4356 et
692 4289 833 4357 firmiter
850 4290 1067 4377 praecipimus,
1091 4311 1133 4355 ne
1157 4287 1277 4374 aliquis
1293 4287 1413 4356 Custos
1436 4311 1521 4377 prae·

470 4399 488 4428 “
512 4393 614 4460 ‘fatae
629 4393 750 4474 (ituris,
767 4392 878 4479 aliquo
898 4397 1047 4482 tempore
1064 4396 1140 4479 post
1162 4390 1231 4470 hoo,
1258 4389 1386 4477 aliquid
1407 4391 1522 4478 exigat

469 4500 487 4534 ‘⁶
510 4500 519 4534 ⁶
534 4494 709 4583 abaliquo,
724 4517 786 4562 neo
799 4495 946 4584 aliquam
961 4495 1159 4562 demandam
1174 4496 1235 4560 aut
1245 4513 1435 4581 gravamen,
1450 4493 1522 4560 sive

500 4727 652 4794 ¹Qyifnot
665 4727 822 4784 Οωαῑὶακίε.
1013 4727 1019 4798 Ι
1065 4727 1258 4796 ’Βομωᾱῢγ
1268 4724 1452 4782 naum
