3600 5822
293 918 335 984 14
353 931 438 983 nnw.
455 915 509 1003 n]
544 929 698 980 suenone
713 929 757 980 ou
773 929 843 980 ΠΠΠ
859 927 966 979 cnam
982 929 1025 979 or
1041 928 1227 979 ursaonae.
1275 913 1339 978 319

290 1121 416 1189 nerine
437 1120 542 1200 electi,
566 1120 655 1207 Rege
679 1124 715 1186 et
743 1118 930 1186 baeredibus
967 1119 1043 1198 suis,
1071 1127 1132 1185 ant
1157 1119 1343 1186 Beronibus

291 1225 359 1292 suis
374 1225 415 1291 dc
430 1222 606 1302 Sctccario,
624 1221 713 1310 apud
729 1220 1062 1288 Westmonasterium
1077 1223 1130 1289 vel
1155 1223 1342 1288 Londonias

289 1349 371 1394 non.
387 1325 617 1406 existentibus,
653 1325 908 1392 Constebulario
939 1323 1054 1391 Turris
1085 1325 1340 1403 Londoniarum,

291 1429 350 1517 qui
390 1451 450 1518 pro
477 1434 625 1516 tempore
658 1427 768 1507 fuerit,
804 1433 902 1494 extra
932 1433 1065 1514 portam
1098 1428 1197 1494 dictae
1228 1429 1342 1494 Turris

290 1533 463 1600 annuatim
485 1535 729 1620 praesententur
750 1534 785 1597 et
816 1529 1049 1611 admittantur,
1074 1531 1111 1595 in
1140 1531 1246 1596 forma
1276 1553 1343 1617 qua

289 1636 333 1703 ad
362 1635 490 1702 dictum
520 1631 726 1701 Scsccarium
751 1634 947 1722 praesentari
973 1627 1212 1700 consueverant
1227 1638 1262 1700 et
1284 1633 1341 1700 ed·

291 1738 389 1804 mitti
436 1738 493 1804 Ita
530 1741 653 1818 tamen
680 1735 771 1823 quod
806 1735 842 1802 ln
875 1736 1029 1824 proximo
1060 1735 1208 1802 adventu
1238 1735 1342 1824 ipsius

292 1839 401 1929 Regis,
427 1840 482 1906 vel
509 1839 678 1908 haeredum
703 1860 849 1921 suorum,
875 1859 980 1926 usque
1007 1839 1341 1906 westmonasterium
1373 1869 1378 1876 ·

289 1944 344 2010 vel
353 1942 551 2024 londonias,
563 1943 672 2010 dictus
689 1943 797 2030 Major
813 1941 958 2010 Domino
973 1941 1068 2030 Regi,
1080 1947 1139 2008 aut
1154 1943 1342 2009 haeredibus

289 2047 358 2112 suis
381 2045 558 2133 predictis,
581 2049 808 2134 prasentetur,
832 2050 867 2112 et
889 2045 926 2109 in
949 2043 1109 2132 Majorem
1134 2046 1340 2112 admittatur.

290 2149 336 2214 Et
370 2150 536 2230 concessit,
571 2170 631 2236 pro
661 2169 695 2216 se
719 2153 755 2215 ct
790 2148 976 2215 haeredibus
1007 2147 1082 2228 suis,
1114 2148 1243 2215 civibus
1273 2149 1341 2215 suis

290 2251 465 2338 praedictis,
484 2251 573 2338 quod
596 2250 669 2338 ipsi,
686 2255 849 2317 eteorum
864 2271 1070 2332 successores,
1085 2251 1172 2317 cives
1191 2253 1340 2338 ejusdem

290 2357 445 2436 civitatis,
462 2357 499 2423 in
515 2361 719 2444 perpetuum,
736 2357 805 2424 sint
820 2357 926 2444 quieti
941 2355 982 2424 de
999 2355 1154 2444 Peragio,
1168 2356 1339 2446 Pontagio,

290 2463 325 2525 et
341 2459 503 2546 Muragio‚
528 2481 586 2547 per
609 2465 719 2526 totum
741 2481 882 2547 regnum
905 2481 1001 2526 suum
1026 2463 1061 2525 et
1084 2464 1190 2525 totam
1216 2465 1339 2526 terrem

290 2583 328 2628 ae
350 2567 550 2649 potestatem
585 2583 700 2644 suam;
735 2566 770 2629 et
807 2563 896 2649 quod
934 2559 1151 2628 vicecomites
1196 2562 1341 2649 ejusdem

289 2665 444 2746 civitatis,
472 2665 758 2754 quotienscunque
792 2662 970 2753 contigerit
1000 2665 1088 2752 ipsos
1125 2687 1186 2753 pro
1222 2667 1342 2734 delicto

289 2769 398 2854 aliquo
414 2767 450 2834 in
474 2768 576 2835 Carris
594 2768 695 2856 Regis
718 2767 886 2835 amercieri
887 2768 973 2855 ,jux
926 2768 1168 2834 uxtamodum
1188 2774 1223 2835 et
1238 2792 1343 2856 qusn-

289 2871 423 2937 titetem
446 2870 559 2937 delicti
532 2873 802 2939 temercientur
802 2871 915 2950 ,sicut
936 2873 1047 2938 caeteri
1069 2872 1285 2940 vicecomites
1300 2875 1341 2940 de

289 2995 391 3062 regno
407 2973 507 3092 Regis
532 2994 592 3062 pro
615 2973 744 3040 delictis
769 2973 996 3040 consimilibus
1018 2975 1246 3055 emerebatur,
1294 2977 1432 3084 Etiamtl
1414 2982 1492 3077 ΠΠΠ

289 3077 487 3156 similiters
476 3099 513 3141 m
539 3076 654 3143 eadem
681 3077 807 3144 Charta
840 3075 978 3142 Domini
1006 3077 1107 3164 Regis
1132 3099 1227 3156 nunc,
1260 3080 1339 3144 reci·
1353 3045 1414 3126 ΗΠΠΠ
1354 3035 1509 3188 fiffiffl

291 3183 384 3245 tants
426 3180 651 3266 praediotes
641 3179 693 3245 liii
733 3179 885 3260 Chartae,
928 3183 996 3258 etc,
1029 3178 1220 3245 continetur
1252 3135 1471 3280 quodsbffi
1368 3189 1463 3237 anese
1463 3189 1494 3231 ΠΗ

289 3281 377 3346 idem
402 3281 565 3348 Dominus
588 3304 678 3350 nuno
707 3281 913 3360 donationes,
944 3281 1175 3363 concessiones,
1203 3287 1238 3348 et
1265 3304 1340 3350 con·
1352 3237 1499 3383 Effi‘m

289 3384 492 3451 firmationes
519 3385 705 3472 praedictas,
727 3389 816 3452 ratas
836 3383 962 3450 babens
985 3389 1021 3450 et
1042 3389 1119 3472 gret
1119 3405 1164 3462 as,
1189 3405 1253 3467 ens,
1280 3407 1340 3472 pro

288 3506 323 3552 se
338 3491 373 3553 et
387 3487 572 3555 haeredibus
587 3486 665 3569 suis,
680 3487 808 3554 civibus
824 3485 970 3554 civitatis
985 3485 1160 3574 praedictae,
1177 3492 1341 3554 eteorum

289 3587 474 3658 haeredibus
514 3596 549 3658 et
571 3591 817 3672 successoribus,
849 3590 1009 3656 concessit
1046 3595 1080 3656 ct
1110 3589 1338 3657 confirmavit:

288 3696 323 3758 et
338 3693 425 3779 quod
442 3693 530 3760 idem
547 3693 711 3760 Dominus
731 3694 806 3760 Rex
825 3713 924 3774 nunc,
940 3693 1055 3760 volens
1076 3691 1197 3758 eisdem
1214 3693 1340 3760 civibus

287 3796 430 3882 gratiam
445 3795 549 3863 iacere
572 3796 775 3884 ampliorem,
792 3795 952 3862 concessit
974 3816 1034 3883 pro
1049 3816 1084 3862 se
1105 3801 1140 3862 et
1155 3795 1340 3864 haeredibus

287 3898 363 3976 suis,
388 3897 476 3985 quod
498 3899 577 3966 licet
600 3899 671 3987 ipsi,
695 3900 751 3966 vel
768 3920 882 3966 eorum
903 3901 1132 3980 antecessores,
1148 3899 1237 3966 cives
1258 3901 1339 3966 civi-

288 4000 369 4066 tatis
398 4001 575 4088 prsedictoe,
617 4002 783 4089 aliquibus
820 4001 1026 4081 libertatum,
1068 4003 1337 4088 quietanciarum,

287 4125 345 4168 seu
367 4103 546 4171 liberarum
569 4107 845 4172 consuetudinum
868 4105 1112 4193 praedictarum,
1128 4106 1238 4193 eliquo
1262 4127 1339 4172 casu

286 4213 483 4294 emergente,
510 4207 671 4274 hactenus
693 4209 789 4295 plene
811 4209 863 4274 usi
888 4229 957 4274 non
976 4207 1110 4284 fuerint,
1134 4208 1198 4295 ipsi
1225 4213 1339 4275 tamen

286 4308 384 4391 cives,
409 4315 444 4376 et
471 4331 585 4377 eorum
611 4310 760 4378 haeredes
782 4314 818 4377 et
840 4331 1046 4392 successores,
1073 4310 1161 4376 cives
1192 4311 1340 4378 civitatis

285 4411 384 4495 illius,
400 4412 621 4494 libertatibus,
638 4413 843 4499 quietanciis,
861 4419 897 4480 et
909 4411 1023 4479 liberis
1046 4413 1339 4480 consuetudinibus

286 4513 362 4595 illis,
390 4520 424 4582 et
449 4537 562 4582 earum
592 4517 748 4603 qualibet,
773 4517 897 4602 absque
920 4515 1156 4603 impedimento
1182 4515 1282 4604 Regis
1304 4522 1339 4584 et

284 4615 455 4684 haeredum
488 4641 632 4701 suorum,
671 4618 948 4701 Justiciariorum,
988 4618 1210 4702 Fscaetorum,
1243 4619 1338 4686 Vice-

284 4721 452 4803 comitum,
483 4726 544 4789 aut
586 4721 728 4788 aliorum
775 4721 976 4789 ballivorum
1013 4744 1072 4789 seu
1109 4721 1338 4789 ministrorum

284 4823 420 4890 Domini
443 4824 545 4914 Regis
559 4845 835 4912 quorumcunque,
852 4827 948 4912 plene
963 4824 1004 4892 de
1027 4830 1146 4894 caetero
1168 4827 1337 4916 gaudesnt
