3648 5816
474 877 539 940 114
824 891 928 942 smne
950 890 1198 944 cosronmon
1321 871 1382 961 [27
1397 889 1525 942 nom

472 1081 492 1114 “
513 1075 595 1141 toris
626 1075 771 1162 pertinet
802 1073 839 1138 in
872 1073 1010 1140 civitate
1040 1077 1157 1140 nostre
1177 1073 1347 1161 pressea,
1377 1095 1438 1161 pro
1469 1095 1525 1140 ne-

475 1185 492 1214 “
514 1177 615 1264 gotiis
648 1176 777 1254 nostris,
813 1175 933 1263 quibus
966 1176 1010 1241 sd
1039 1197 1181 1263 praeeens
1210 1176 1338 1264 jugiter
1368 1176 1524 1256 intendit,

474 1284 493 1316 “
515 1281 560 1346 ed
573 1278 715 1346 officium
737 1278 820 1344 illud
843 1279 1072 1366 exequendum
1094 1279 1311 1366 personaliter
1325 1299 1442 1345 rmore
1456 1300 1525 1344 non

473 1386 493 1418 “
514 1382 618 1469 possit
630 1405 640 1463 3
662 1386 698 1447 et
719 1404 778 1468 per
803 1381 933 1447 litteras
957 1401 1033 1446 sues
1056 1385 1207 1468 petentes
1229 1380 1442 1468 deputaverit
1462 1380 1525 1445 sub

473 1492 491 1518 “
513 1505 548 1549 se
572 1483 755 1549 Robertum
782 1484 823 1548 de
849 1483 1051 1570 Gunthorpe,
1079 1484 1123 1548 od
1144 1505 1183 1549 ee
1211 1505 1286 1570 quae
1315 1484 1359 1548 ed
1382 1482 1525 1549 officium

474 1593 492 1622 “
514 1585 598 1650 illud
620 1585 745 1650 ibidem
767 1585 945 1672 pertinent,
969 1583 1129 1672 quamdiu
1152 1585 1217 1652 sibi
1247 1585 1417 1673 placuerit,
1448 1607 1525 1651 exe-

474 1695 493 1725 “
515 1688 793 1775 quenda-Vobis
824 1687 1028 1768 mandemus,
1060 1688 1149 1776 quod
1183 1690 1291 1775 ipsum
1324 1687 1520 1766 Robertum,

475 1795 494 1826 “
515 1789 587 1856 loco
617 1789 749 1877 praefeti
779 1789 928 1869 Wolteri,
965 1790 1008 1856 ed
1039 1789 1102 1856 hoc
1133 1789 1329 1870 admittetis,
1362 1791 1452 1856 etei
1486 1789 1522 1854 in

474 1899 493 1929 “
516 1893 676 1972 omnibus,
700 1914 774 1979 quae
796 1893 840 1958 sd
862 1891 1005 1958 officium
1035 1892 1119 1958 illud
1149 1893 1186 1958 in
1209 1892 1345 1958 civitete
1367 1891 1525 1978 proedicto

472 2000 493 2031 “
514 1996 692 2083 pertinent,
715 1995 928 2062 intendentes
951 1993 1066 2062 ¹seitis
1097 1999 1132 2061 et
1153 1995 1394 2082 respondentes,
1425 1998 1525 2083 prout

473 2105 492 2135 “
513 2099 550 2162 in
571 2120 649 2164 casu
668 2098 830 2164 consimili
850 2097 924 2164 fieri
945 2096 1124 2164 consuevit
1168 2097 1266 2164 Teste
1280 2097 1413 2186 meipso,
1435 2096 1525 2184 apud

472 2201 853 2282 “westmonasterium
885 2200 936 2266 ix⁰
971 2200 1026 2268 die
1058 2199 1270 2288 Septembris,
1296 2222 1383 2268 enno
1429 2200 1524 2289 regni

471 2312 488 2340 “
512 2305 617 2372 nostri
640 2301 769 2371 tertio.”

619 2607 670 2674 De
691 2607 828 2676 semro
853 2606 983 2693 Major-t
1010 2616 1040 2676 ot
1063 2607 1196 2678 eous
1225 2607 1371 2676 reddito.

304 2771 433 2816 serenos
515 2755 579 2826 Die
606 2755 760 2825 Mercurii
791 2759 944 2847 proxime
975 2766 1054 2827 ente
1089 2761 1212 2828 festum
1247 2759 1362 2828 Sancti
1387 2759 1521 2828 'l'homse

301 2821 376 2866 ottho
385 2823 459 2868 Smnll

301 2872 409 2967 fflw
470 2861 631 2949 Apostoli,
659 2882 746 2927 enno
770 2859 864 2948 regni
899 2861 999 2950 Regis
1027 2861 1195 2946 Edwardi,
1219 2863 1281 2929 filii
1305 2863 1404 2953 Regis
1429 2863 1521 2930 Hen-

303 2937 538 3047 noelli-imici,
554 2965 673 3046 xxvio,
695 2964 790 3030 venit
806 2962 993 3030 Willelmus
1016 2965 1056 3032 de
1083 2965 1223 3032 Betonie
1245 2987 1354 3032 eorem
1378 2967 1523 3033 Henrico

470 3068 511 3135 de
535 3067 665 3154 Geleys,
681 3071 762 3133 tunc
785 3065 911 3153 Majore
935 3067 1189 3152 Londonierum,
1207 3067 1357 3136 Gelfrido
1380 3069 1421 3135 de
1436 3069 1521 3135 Nor-

469 3177 557 3251 tone,
581 3171 605 3236 J
607 3171 736 3236 ohanne
762 3169 795 3235 le
822 3168 957 3252 Blount,
982 3169 1148 3236 Willelmo
1172 3171 1213 3236 de
1236 3171 1351 3259 Leyre,
1375 3171 1523 3238 Woltero

470 3273 511 3339 de
535 3271 772 3360 Finehingield,
789 3272 813 3337 J
814 3271 945 3338 ohanne
968 3272 1083 3354 Wede,
1099 3274 1123 3339 J
1124 3274 1253 3340 ohanne
1275 3274 1317 3340 de
1332 3273 1520 3356 contueris,

468 3375 630 3442 Nicholno
646 3377 687 3442 de
703 3373 886 3456 Ferndone,
911 3373 1073 3442 Nicholeo
1089 3373 1192 3458 Pioot,
1217 3375 1358 3442 Richero
1381 3377 1422 3442 de
1445 3375 1522 3442 Ref-

467 3479 554 3560 ham,
581 3485 616 3545 et
637 3479 662 3544 J
664 3477 793 3544 chenne
815 3477 858 3544 de
880 3475 1075 3566 Dunsteple,
1092 3477 1337 3560 Aldermennis,
1353 3484 1389 3545 et
1411 3478 1521 3544 reddit

466 3593 605 3664 sursum,
618 3604 661 3646 ex
674 3603 765 3647 mere
777 3581 961 3662 voluntate,
976 3580 1123 3668 praefetis
1139 3581 1266 3668 Majori,
1277 3581 1522 3662 Aldermannis‚

468 3687 503 3749 et
518 3683 769 3765 communitati,
785 3684 930 3751 Pervem
946 3683 1114 3750 Steterem
1129 3705 1228 3770 quam
1243 3685 1336 3771 prius
1352 3684 1519 3764 hebueret,

468 3807 511 3852 ex
533 3788 737 3853 concessione
752 3786 1063 3866 Aldermsnnorum,
1078 3790 1180 3873 prout
1209 3786 1247 3850 in
1268 3787 1374 3853 veteri
1396 3809 1521 3875 papyro

467 3891 676 3974 continetur3
700 3893 750 3958 its
773 3891 869 3978 quod,
890 3913 952 3957 nec
971 3891 1050 3979 ipse,
1073 3913 1134 3957 nec
1160 3891 1280 3978 sliquis
1304 3894 1436 3959 nomine
1451 3913 1518 3970 suo,

467 3993 508 4060 de
538 3999 656 4060 coetero
689 3991 816 4080 aliquid
849 3993 936 4081 juris
961 3994 1017 4059 vel
1050 3993 1168 4074 domii,
1194 3994 1322 4060 ratione
1351 3994 1518 4080 praedictae

467 4093 624 4178 Steterse,
641 4095 790 4163 ¹clamere
812 4095 944 4183 poterit,
967 4117 1025 4162 seu
1046 4095 1234 4178 vendicare,
1257 4096 1293 4162 in
1314 4095 1472 4163 futurum.

328 4303 429 4350 Mb·
729 4299 902 4370 Diaroieeio
928 4299 1088 4388 ejsudem,
1107 4299 1257 4370 Stetere.

294 4459 433 4560 ml
510 4457 576 4525 Die
612 4458 751 4528 Venen‘s
780 4459 933 4547 proximo
970 4462 1049 4524 ente
1080 4456 1203 4524 festum
1233 4455 1349 4524 Sancti
1383 4455 1519 4525 Thomas

295 4575 365 4612 ame
465 4559 630 4648 Apostoli,
662 4582 750 4629 enno
777 4561 871 4651 regni
896 4559 997 4649 Regis
1021 4559 1190 4644 Edwardi,
1214 4559 1276 4626 filii
1301 4560 1403 4648 Regis
1425 4559 1520 4628 Hen-

813 4795 821 4827 ¹
833 4795 882 4850 ses
892 4793 936 4848 the
945 4793 1084 4861 prsoeding
1094 4793 1168 4848 Note.
