3648 5816
512 854 554 918 52
837 863 949 914 nunu
970 863 1214 916 cuswmunt

554 1051 594 1117 V.
618 1051 670 1116 De
685 1049 912 1138 Scuipioribus
928 1050 1118 1116 Liberorum
1135 1048 1309 1136 Lupidum.

554 1154 613 1220 VI.
637 1154 688 1220 De
704 1151 967 1232 Decibaioribus,
995 1155 1030 1219 ei
1055 1173 1167 1218 eorum
1193 1150 1429 1217 servientibus.

553 1257 635 1322 VII.
660 1256 711 1322 De
734 1255 976 1321 Fodicioribuu.

551 1358 651 1424 VIII.
677 1358 728 1423 De
743 1357 962 1424 Deulbuiione
979 1355 1203 1443 Ooquincrum
1219 1377 1317 1443 super
1332 1355 1541 1422 Thumisium.

550 1461 612 1527 IX.
637 1461 689 1526 De
720 1460 923 1546 Ooopcliuru
953 1457 1146 1524 Arundinis.

549 1562 589 1628 X
613 1562 665 1628 De
688 1562 921 1629 Plautriuiione
944 1561 1135 1627 Domorum.

548 1664 608 1730 XI.
633 1665 684 1731 De
701 1664 864 1731 Domibus
891 1663 1024 1751 Liguciu
1049 1663 1087 1728 in
1112 1663 1199 1730 Foro
1225 1661 1476 1750 prosiemendiu

547 1767 633 1832 XII.
658 1767 709 1832 De
730 1767 897 1834 Excubiis.

547 1869 649 1934 XIII.
673 1869 724 1934 Dc
747 1869 852 1934 Poena
874 1868 1055 1956 infligenda
1077 1867 1366 1956 Delinqueniibus.

545 1970 667 2036 XIIII.
691 1971 742 2036 De
765 1971 876 2037 Orocis
899 1975 934 2037 ci
961 1971 1077 2036 Gordiu
1103 1971 1270 2038 habendis.

546 2073 618 2139 XV.
642 2073 693 2140 De
709 2074 923 2141 Limiictionc
950 2073 1118 2160 Temporis
1148 2073 1379 2162 pmdiciurum
1410 2065 1553 2139 Ordina-

500 2176 638 2245 tionum.

500 2513 664 2602 004>in
681 2513 959 2582 Oudiacatimum
969 2521 1213 2582 renovaturum
1225 2515 1266 2581 de
1279 2513 1421 2583 Uinicio
1435 2521 1551 2584 tcucu-

573 2617 664 2685 tibus
680 2617 912 2703 Huuicnyum,
928 2623 958 2685 ct
974 2617 1014 2684 dc
1028 2616 1152 2684 mauu
1167 2617 1252 2684 aliis
1270 2619 1466 2708 Officicciic.

541 2819 570 2886 Ι.
596 2820 647 2886 Du
665 2817 799 2887 (Ilcricis
821 2816 1062 2885 Vicecomiium
1085 2819 1322 2886 sustentandis.

541 2922 587 2988 II.
612 2923 664 2988 De
678 2923 821 2990 Iudiciis
834 2922 1010 2988 iuddcndis
1024 2923 1061 2988 in
1071 2922 1246 3010 Husiengo
1260 2927 1334 3010 posi
1344 2923 1547 3011 Loquenduu.

538 3025 605 3092 III.
622 3026 673 3092 Du
686 3025 828 3092 Defuliis
843 3024 1035 3091 Peteniium
1052 3025 1292 3112 adjudicandis,
1309 3049 1383 3094 cum
1393 3027 1546 3094 absentes

493 3125 618 3194 fuerint
643 3129 828 3215 primodie
855 3127 982 3194 Pluuiii.

538 3229 626 3296 ΙΙΙΙ.
650 3230 701 3295 De
729 3231 860 3297 Rutulis
884 3230 1124 3298 vicecomitum
1160 3233 1201 3298 de
1233 3231 1478 3300 Inimsicnibuu
1508 3233 1544 3298 in

493 3330 633 3398 (iamenu
656 3331 808 3400 Gihuidae
822 3331 1011 3399 liberandis.

537 3435 575 3500 V.
601 3435 652 3501 De
684 3435 826 3522 quadum
850 3435 1066 3516 Querimoniu
1096 3435 1184 3501 facia
1207 3435 1327 3522 Majori
1357 3443 1427 3518 cic,
1454 3439 1542 3524 quod

492 3535 611 3602 Clerici
634 3537 875 3604 Vicccomiium
897 3559 965 3603 non
987 3538 1073 3602 benc
1096 3537 1276 3604 irrotulani
1298 3537 1435 3606 Placiiu

535 3640 595 3705 VI.
620 3640 672 3705 De
695 3639 858 3704 Brevibus
880 3639 1100 3705 returnaudis.

534 3742 616 3808 VII.
642 3743 694 3808 Dc
711 3741 946 3808 inobedientia
968 3741 1216 3808 Vicecomiium.

534 3845 633 3910 VIII.
658 3844 709 3910 Dc
744 3867 782 3910 eo
814 3844 902 3931 quod
937 3844 1156 3910 Vicecomiicu
1191 3843 1438 3911 Londonicrum
1472 3868 1539 3913 non

487 3949 624 4013 trudunt
646 3946 919 4013 Vicecomiiaium
944 3945 1169 4012 Middelscxiae
1191 3947 1235 4012 ud
1257 3947 1394 4014 firmum.

532 4049 591 4115 IX
616 4049 667 4114 De
694 4047 950 4114 'Vicecomitibus
983 4049 1237 4135 imprisonundis
1267 4071 1327 4137 pro
1354 4052 1538 4139 Arreragiis

485 4151 554 4216 suis
576 4173 654 4238 erga
678 4151 810 4237 Regem.

529 4254 572 4319 X.
598 4254 650 4319 De
674 4251 934 4338 Munucupiione
957 4253 1208 4339 Vicecomitum.

529 4355 590 4422 XI.
615 4356 692 4422 *Dc
707 4355 938 4422 Advocatione
955 4355 1128 4442 Captionis
1144 4357 1245 4422 Alani
1261 4358 1302 4424 de
1318 4357 1535 4445 Oouppeldik.

531 4458 611 4524 XII.
636 4459 687 4523 De
712 4457 875 4544 Compoio
899 4457 1081 4525 Camerarii
1105 4460 1281 4526 mddcndo.

532 4559 633 4624 XIII.
658 4561 708 4625 De
731 4559 962 4647 ApprenIiciiu

532 4659 657 4726 XIIII.
682 4661 734 4727 De
758 4662 945 4728 Ooureuriis
968 4662 1137 4730 Pelleiriae.

531 4762 602 4827 XV.
627 4762 678 4826 De
701 4763 901 4830 custodibus
925 4765 1040 4829 Pontis
1064 4765 1316 4832 Londoniurum.
