3636 5820
484 867 504 930 6
817 879 921 928 mana
942 875 1190 929 cosrumsun.
1382 861 1478 950 [nau.
1496 879 1534 931 11.

483 1064 755 1152 paralogizantur.
803 1065 959 1131 Oratores
984 1065 1089 1152 aliqui
1113 1064 1309 1151 quandoque
1331 1065 1536 1132 orationibus

484 1167 657 1234 rhetoricis
687 1167 813 1254 aliquid
845 1167 962 1234 dieunt
998 1167 1150 1255 apposite
1187 1167 1230 1233 ad
1260 1166 1535 1254 persuadendum,

484 1274 637 1337 curantes
653 1270 735 1335 artis
749 1275 916 1357 praecepta
929 1291 1060 1336 servare
1070 1275 1105 1336 et
1120 1291 1163 1336 ex
1172 1270 1442 1358 contingentibus
1452 1269 1538 1336 nihil

484 1372 646 1438 omittere.
691 1371 790 1438 Pueri
813 1372 1018 1438 diversarum
1040 1373 1223 1440 scholarum
1238 1373 1327 1438 inter
1340 1395 1375 1440 so
1389 1373 1539 1440 versibus

485 1476 703 1541 conrixantur
717 1497 725 1555 ;
748 1477 808 1541 aut
829 1475 870 1541 de
889 1475 1058 1563 principiis
1072 1475 1153 1542 ortis
1166 1476 1399 1564 grammaticae,
1415 1482 1475 1542 aut
1498 1477 1538 1542 de

484 1577 607 1664 regulis
630 1577 874 1664 praeteritorum
896 1579 951 1643 vel
974 1577 1164 1644 futurorum
1188 1579 1403 1645 contendunt.
1449 1577 1538 1644 Sunt

485 1679 542 1744 alii
555 1680 615 1765 ¹qui
630 1679 667 1744 in
686 1680 987 1767 epigrammatibus
1004 1680 1180 1766 rhythmis,
1201 1687 1236 1747 et
1254 1682 1377 1760 metris,
1395 1683 1538 1746 utuntur

485 1787 597 1848 vetere
608 1782 667 1848 illa
681 1783 807 1848 triviali
822 1783 1018 1862 dicacitate;
1040 1783 1174 1850 licentia
1198 1784 1403 1851 Fescennina
1426 1785 1537 1864 socios,

486 1886 665 1972 suppressis
680 1886 878 1964 nominibus,
893 1886 1029 1951 liberius
1040 1887 1202 1967 lacerant3
1225 1887 1378 1953 loedorias
1388 1886 1539 1972 jaculan-

489 1993 547 2053 tur
561 1993 596 2053 et
611 1985 809 2055 ¹scommata
825 2014 834 2070 3
857 1986 982 2054 salibus
997 1988 1173 2054 Socraticis
1188 1988 1359 2068 sociorum,
1376 1989 1430 2054 vel
1453 1988 1538 2054 forte

490 2091 661 2177 majorum,
689 2091 774 2157 vitia
808 2093 976 2177 tang1mt;
1007 2111 1049 2156 ne
1073 2090 1258 2157 mordacius
1272 2091 1394 2157 ²dente
1417 2090 1538 2157 rodunt

488 2192 676 2282 procaciori,
697 2193 929 2260 audacioribus
949 2194 1109 2260 convit‘.
1156 2195 1336 2262 Auditores

532 2371 579 2412 w
772 2371 918 2439 multum
939 2371 1047 2439 ridere
1069 2373 1185 2462 parati,

558 2475 800 2563 “Ingeminant
821 2475 981 2543 tremulos
1002 2497 1083 2544 naso
1105 2477 1271 2564 crispante
1293 2475 1495 2568 oechianss·”

742 2811 822 2883 XII.
844 2815 894 2885 De
916 2813 1152 2904 Dispositiouo
1180 2813 1286 2885 Urbis.

322 3023 472 3129 iriiffl‘
538 3019 751 3112 Singulorum
774 3022 955 3088 officiorum
985 3023 1227 3103 exercitatores,
1258 3021 1464 3112 singularum
1494 3043 1543 3088 re·

323 3135 444 3229 {fflsslgn
493 3150 567 3192 rum
582 3127 781 3208 venditores,
798 3124 1004 3214 singularum
1019 3145 1192 3213 operarum
1216 3147 1350 3192 suarum
1371 3123 1540 3202 locatores,

324 3197 482 3331 32¹&
493 3229 658 3295 cotidiano
687 3249 784 3295 manc
817 3249 876 3316 per
898 3249 933 3295 sa
956 3232 1034 3294 sunt
1063 3229 1142 3295 locis
1174 3227 1325 3294 distincti
1357 3247 1478 3308 omnes,
1501 3234 1542 3294 ut

494 3330 614 3398 officiis
658 3329 823 3398 Praeterea
837 3333 939 3398 estin
955 3329 1136 3410 Londonia,
1153 3349 1251 3418 super
1265 3329 1542 3419 ripamfluminis,

493 3434 582 3502 inter
603 3432 683 3500 vina
705 3438 740 3500 et
769 3433 910 3500 navibus
933 3439 968 3500 et
990 3432 1079 3500 cellis
1110 3431 1249 3499 vinariis
1284 3431 1424 3514 venalis,
1458 3433 1542 3521 pub·

326 3565 436 3618 tratas,
493 3537 557 3604 lica
579 3535 726 3624 coquina
773 3535 827 3602 Ibi
861 3535 1020 3623 quotidie,
1047 3553 1107 3624 pro
1140 3541 1297 3624 ternpore,
1321 3541 1371 3603 est
1394 3534 1543 3602 invenire

325 3616 477 3714 &ima
493 3639 625 3722 cibaria,
656 3637 786 3719 fercula,
820 3637 916 3718 frixa,
951 3637 1048 3720 elixa,
1080 3639 1192 3726 pisces,
1216 3637 1396 3726 pisciculos,
1432 3657 1543 3705 carnes

325 3703 406 3815 fflt‘?
417 3717 670 3831 “mgrossiores
706 3743 914 3830 pauperibus,
947 3739 1153 3807 delicatiores
1183 3739 1405 3821 divitioribus,
1442 3759 1543 3806 vena

494 3847 634 3926 tionum,
658 3846 780 3924 avium,
804 3843 1015 3911 avicularum.
1061 3843 1099 3910 Si
1122 3841 1234 3910 subito
1256 3840 1396 3910 veniant
1418 3839 1462 3908 ad
1484 3841 1544 3907 ali-

494 3968 594 4036 quem
625 3946 749 4014 civium
792 3945 889 4013 amici
926 3943 1060 4034 fatigati
1092 3965 1135 4012 ex
1177 3943 1305 4027 itinere,
1343 3965 1404 4011 nec
1441 3943 1543 4010 libeat

489 4051 615 4139 jejunis
638 4054 811 4137 expectare
834 4053 874 4115 ut
895 4048 975 4114 novi
1001 4048 1066 4114 cibi
1088 4053 1243 4116 emantur
1265 4054 1301 4115 et
1322 4053 1513 4134 coquantur,

585 4207 629 4246 ⁴“
644 4207 737 4277 Dent
760 4206 877 4274 famuli
900 4207 1054 4274 manibus
1076 4205 1238 4296 lymphas,
1262 4205 1502 4295 penesquo.”—

498 4425 648 4437 —n-u-—n

530 4553 537 4585 ¹
549 4554 661 4607 Writtsn
671 4563 763 4608 cereola
773 4555 802 4607 in
818 4555 862 4607 the
877 4553 994 4622 original.
1040 4549 1105 4620 1321.
1117 4551 1364 4621 speculum.

496 4631 615 4684 Alesion
633 4633 656 4684 is
674 4637 748 4686 made
766 4641 793 4686 to
810 4651 826 4686 a
843 4651 949 4702 passage
968 4633 996 4684 in
1075 4633 1172 4685 'From
1183 4632 1294 4697 Persius,
1307 4631 1408 4686 Sacili.
1420 4631 1437 4684 l.
1450 4635 1490 4686 87.

497 4710 650 4775 Macrobius,
663 4711 790 4765 Samuel.
801 4714 833 4764 B.
845 4714 889 4766 vti.
900 4719 924 4766 o.
1076 4711 1124 4764 *A
1145 4713 1276 4778 quotation
1294 4713 1359 4764 lion
1379 4711 1423 4764 the
1445 4707 1546 4775 AEaeid,

534 4789 583 4840 ¹111
594 4789 699 4842 allusion
710 4792 832 4857 probably
846 4799 872 4846 to
888 4793 998 4855 Heraea
1043 4793 1074 4846 Bt
1084 4793 1104 4845 l.
1116 4793 1133 4845 l.
1146 4795 1202 4845 701.
