3624 5824
467 850 531 912 158
800 864 903 914 nmen
925 862 1172 914 onsrmnamr.
1325 850 1383 938 [35
1398 866 1481 918 now.
1494 866 1516 916 1.

467 1057 485 1084 “
506 1054 667 1134 tanquam
691 1049 797 1116 nostri
829 1071 867 1116 ao
897 1050 1132 1117 mandatorum
1158 1055 1347 1116 nostrorum
1379 1053 1518 1138 praedie-

466 1159 485 1186 “
506 1156 617 1218 torum
639 1156 889 1239 contemptores,
910 1174 1039 1219 necnon
1057 1154 1098 1220 de
1120 1158 1362 1240 receptamento
1386 1161 1420 1221 et
1441 1177 1517 1222 con-

466 1261 484 1288 “
505 1274 604 1320 seusu
638 1253 885 1320 malefactorum
919 1255 1060 1334 illorum,
1094 1277 1133 1320 aa
1167 1257 1209 1322 de
1245 1256 1414 1324 maleficiis
1451 1257 1517 1323 illis

466 1363 484 1389 “
505 1355 687 1444 participes,
711 1379 830 1422 manus
861 1358 1079 1424 extendamus
1105 1357 1294 1444 graviores3
1327 1381 1451 1446 nosque
1472 1360 1516 1424 ad

465 1464 484 1492 “
506 1458 629 1524 dictam
663 1459 863 1544 quindenam
890 1459 1024 1526 Pasohae
1055 1460 1095 1526 de
1119 1459 1208 1526 facto
1230 1466 1349 1540 vestro,
1381 1461 1516 1527 interim

465 1567 483 1594 “
505 1560 541 1624 in
563 1560 625 1626 hac
647 1565 741 1648 parte
764 1561 992 1647 impendendo,
1011 1561 1166 1628 distincte
1188 1567 1222 1630 et
1245 1567 1356 1649 aperte
1371 1563 1519 1630 reddatis

466 1669 483 1697 ‘⁴
506 1663 658 1728 certiores
670 1688 678 1743 ;
701 1667 736 1729 et
758 1663 882 1742 biliam,
905 1663 993 1728 diem
1014 1667 1049 1728 et
1070 1663 1180 1730 locum
1202 1663 1398 1750 receptionis
1420 1664 1517 1730 istius

466 1773 484 1801 “
505 1766 615 1832 brevis
642 1766 874 1846 continentem,
908 1768 1015 1833 eidem
1049 1767 1204 1854 portitori
1235 1767 1389 1847 liberetis,
1421 1769 1518 1836 nobis

466 1875 484 1902 “
506 1868 691 1934 deferendo.
747 1868 844 1934 Teste
873 1870 1005 1956 meipso,
1030 1869 1120 1956 apud
1154 1870 1338 1948 Lanercost‚
1371 1871 1433 1936 vii⁰
1464 1870 1518 1938 die

466 1977 484 2004 “
507 1969 704 2051 Decembris,
728 1992 816 2038 anno
838 1971 932 2060 regni
954 1971 1059 2038 nostri
1083 1970 1413 2059 tricesimoouintof’

890 2339 1097 2406 Rauracum.

514 2501 531 2528 “
554 2493 609 2558 Ad
632 2495 694 2560 hoo
716 2493 958 2579 respondemus,
976 2493 1064 2578 quod
1079 2492 1123 2558 ad
1138 2492 1278 2579 vigilias,
1295 2495 1394 2578 prout
1415 2491 1515 2570 decet,

391 2629 406 2659 n
507 2594 544 2658 in
567 2595 708 2673 Wardis,
733 2600 767 2660 et
789 2595 891 2660 etiam
923 2594 966 2659 ad
998 2594 1237 2680 Inquisitiones
1268 2593 1444 2680 capiendae
1478 2595 1518 2659 de

467 2701 822 2786 “transgressionibus
856 2705 890 2765 et
917 2698 1057 2778 feloniis‚
1089 2721 1163 2766 oum
1197 2721 1326 2765 necesse
1360 2698 1460 2765 fuerit
1482 2700 1519 2764 in

296 2778 425 2859 wte⁶¹⁰⁸
467 2813 486 2839 ⁶⁴
508 2805 652 2885 cauea,
677 2805 714 2870 u
739 2804 875 2892 singulis
891 2804 1029 2885 waes,
1055 2805 1096 2872 u
1119 2805 1386 2872 massmannus
1413 2811 1448 2872 ea
1469 2828 1518 2872 re-

511 2911 741 2997 ceptatoribus,
771 2933 899 2998 semper
932 2911 1042 2998 parati
1074 2911 1206 2990 fuimus,
1233 2917 1267 2978 et
1298 2912 1426 2991 erimus,
1460 2933 1520 2998 pro

468 3021 486 3048 “
508 3013 598 3100 pacis
630 3013 768 3080 Domini
802 3013 902 3100 Regis
933 3013 1181 3094 observatione3
1216 3018 1251 3079 et
1283 3035 1413 3079 omnem
1444 3014 1518 3078 dili-

467 3125 486 3155 “
507 3117 655 3203 gentiam
679 3139 778 3203 quam
809 3117 980 3204 possimus,
1004 3117 1090 3182 circa
1120 3139 1235 3204 pacem
1257 3117 1396 3183 Domini
1419 3116 1519 3203 Regis

465 3227 484 3256 “
507 3220 754 3298 observandam,
782 3218 995 3306 apposuimus
1025 3224 1060 3286 et
1098 3241 1308 3306 apponemus.
1371 3219 1438 3310 Sed
1476 3219 1519 3284 ad

469 3329 487 3357 “
510 3321 685 3388 Statutum
716 3321 911 3408 Wyntoniae
945 3322 982 3386 in
1017 3321 1157 3409 singulis
1196 3321 1263 3388 suis
1302 3321 1450 3388 articulis
1482 3321 1517 3386 in

468 3424 646 3490 “civitate
681 3424 840 3512 praedicta
866 3423 1116 3503 observandum,
1149 3425 1328 3490 secundum
1362 3424 1450 3510 quod
1482 3424 1519 3488 in

468 3533 486 3560 “
508 3527 572 3592 isto
595 3527 690 3593 brevi
713 3528 911 3605 continetur,
935 3527 1065 3592 onerari
1087 3547 1154 3592 non
1177 3549 1351 3614 possumus
1380 3527 1417 3592 in
1439 3526 1519 3592 civi-

467 3635 486 3662 “
508 3633 579 3693 tate
601 3629 766 3715 praedicta,
791 3632 927 3716 propter
948 3628 1095 3694 diversas
1111 3629 1363 3695 consuetudines
1378 3627 1415 3696 in
1430 3629 1520 3694 dicta

469 3737 488 3764 “
510 3729 647 3796 civitate
669 3731 828 3796 hactenus
850 3729 998 3795 usitatas
1044 3731 1178 3810 Tamen,
1203 3737 1373 3818 vagantes,
1398 3731 1520 3796 disun-

467 3837 486 3870 “
508 3835 626 3914 rentes,
650 3837 685 3898 et
708 3833 749 3898 de
771 3831 859 3897 malo
881 3837 1056 3919 suspectos,
1080 3832 1118 3897 in
1139 3833 1229 3898 dicta
1252 3833 1389 3898 civitate
1404 3832 1521 3898 inven-

469 3943 487 3972 “
508 3939 571 4027 tos,
610 3933 839 4016 arestavimus,
876 3940 912 4000 et
948 3955 1083 4021 semper,
1123 3957 1198 4001 oum
1240 3955 1370 4001 necesse
1407 3935 1518 4014 fuerit,

469 4045 488 4074 ‘⁶
510 4039 649 4105 arestari
671 4037 826 4102 iaciemus
838 4059 847 4118 3
870 4041 905 4102 et
930 4037 1003 4103 illos
1025 4058 1135 4103 coram
1158 4036 1360 4104 Justiciariis
1383 4036 1519 4102 Domini

471 4147 489 4176 “
511 4140 612 4230 Regis
633 4143 802 4228 promptos
831 4138 1035 4219 habebimus,
1060 4139 1148 4205 sicut
1182 4143 1262 4205 ante
1284 4139 1461 4206 Statutum
1483 4145 1518 4204 et

470 4250 489 4278 “
510 4250 586 4330 post
616 4244 653 4308 in
675 4242 789 4309 eadem
823 4241 961 4306 civitate
992 4241 1065 4306 fieri
1087 4243 1268 4308 consuevit
1314 4241 1367 4308 De
1401 4240 1516 4328 Inqui-

469 4351 488 4384 “
510 4345 697 4427 sitionibus,
721 4343 830 4432 quoad
852 4343 1007 4410 articulos
1029 4345 1065 4410 in
1088 4343 1184 4410 brevi
1206 4348 1388 4426 contentos,
1408 4365 1518 4411 coram

467 4455 486 4486 “
507 4450 603 4516 vobis
614 4447 891 4515 extraoivitatem
906 4447 967 4514 sub
982 4447 1101 4534 sigillis
1112 4448 1332 4527 retmnandis,
1345 4469 1517 4536 nunquam

464 4559 483 4588 “
504 4551 577 4618 fieri
598 4551 791 4631 consuevit3
815 4555 850 4618 et
872 4549 946 4616 ideo
968 4548 1078 4615 nullas
1100 4549 1373 4618 retornavimus.”
