3462 5836
273 887 315 954 14
330 901 414 954 now.
432 886 485 974 ιι]
524 901 613 951 wmr
634 901 824 953 mocimus
847 901 1012 953 roarnns
1035 901 1191 962 rroursr.
1255 887 1319 952 395

240 1126 245 1138 ·
272 1096 289 1123 “
312 1089 435 1155 vendre
459 1111 480 1154 a
503 1087 607 1168 reteil,
625 1110 667 1156 en
694 1089 802 1177 despit
828 1089 870 1156 de
895 1095 1007 1157 nostre
1031 1089 1173 1178 Seignur
1194 1089 1226 1155 le
1249 1088 1320 1168 Roi,

270 1197 290 1227 “
311 1196 346 1258 et
372 1213 393 1258 a
418 1191 557 1280 damage
583 1192 623 1258 de
650 1213 734 1258 soun
753 1213 872 1260 comun
894 1193 1009 1281 poeple
1031 1195 1222 1282 repeiraunt
1245 1215 1266 1258 a
1288 1192 1322 1256 la

271 1301 290 1330 “
313 1293 384 1360 dite
406 1295 478 1374 cita
513 1299 548 1360 et
577 1317 619 1361 sn
648 1295 815 1383 prejudioe
842 1296 901 1363 des
931 1297 1151 1364 devauntdita
1181 1295 1323 1364 Thomas

271 1404 291 1433 “
314 1397 495 1484 Pykeman‚
520 1397 628 1464 Henri
650 1397 819 1483 Poteman,
843 1404 879 1467 et
900 1399 924 1466 J
926 1400 1013 1466 ohan
1035 1399 1174 1488 Aleyn.’'

318 1702 480 1770 Dominus
503 1703 578 1770 Rex
600 1703 795 1772 ¹mandavit
823 1706 1026 1773 Justicieriis
1049 1707 1117 1774 suis
1148 1708 1202 1776 hic
1224 1710 1323 1776 breve

271 1827 376 1887 suum,
400 1807 437 1874 in
457 1807 528 1874 haec
549 1808 652 1874 verba
664 1833 719 1876 :—

273 1943 276 1950 ’
319 1909 540 1992 “Edwardus,
564 1911 628 1977 Dei
643 1912 759 1999 gratia,
784 1918 852 1992 etc,
869 1913 998 1980 dilectis
1019 1919 1054 1981 et
1076 1914 1230 1982 fidelibus
1245 1915 1320 1995 suis,
1335 1928 1463 2025 gpffi

272 2021 291 2048 “
314 2012 459 2080 Hervico
475 2014 516 2079 de
532 2013 718 2082 Stauntone
740 2020 775 2081 et
798 2017 894 2082 sociis
916 2018 991 2097 suis,
1013 2018 1212 2084 Justiciariis
1235 2021 1323 2106 apud
1335 2030 1376 2074 aa
1389 2030 1491 2076 Justicea

274 2124 292 2152 “
314 2115 446 2182 Turrim
477 2117 713 2201 Londoniarim
749 2118 994 2200 itinerantibus,
1027 2107 1174 2188 salutem.
1237 2122 1322 2189 Cum
1335 2081 1455 2196 {diffindi
1486 2137 1491 2180 ῖ

275 2227 291 2252 “
313 2239 374 2284 nos
397 2218 441 2284 ad
471 2221 732 2307 prosecutionem
767 2223 1024 2309 pincenariorum
1054 2225 1095 2290 de
1131 2224 1218 2291 Ksia
1247 2247 1322 2312 quae
1335 2183 1472 2330 ffitillbll'

273 2329 293 2358 ‘¹
314 2327 454 2388 vocatur
485 2322 544 2389 “le
568 2322 787 2411 Ftsbaocrse”
825 2325 1079 2407 Londoniarum,
1117 2329 1213 2394 nobis
1247 2349 1323 2415 sug·
1384 2287 1477 2330 mm

274 2432 292 2458 “
314 2425 511 2512 gerentium,
527 2425 616 2512 ipsos
638 2426 759 2494 liberos
780 2427 867 2494 cives
891 2429 1038 2516 ejusdcm
1062 2429 1207 2497 civitatis
1229 2436 1264 2497 et
1285 2431 1322 2496 in

275 2535 292 2562 “
316 2526 416 2594 Lctto
431 2533 466 2596 et
487 2527 525 2593 in
548 2527 663 2595 Scotto
686 2552 761 2596 cum
783 2532 910 2597 oaeteris
932 2531 1059 2598 civibus
1081 2533 1229 2620 ejusdem
1243 2533 1323 2600 civi-

275 2637 292 2664 “
315 2629 396 2696 tatis
410 2630 446 2696 in
469 2631 621 2698 omnibus
644 2634 798 2700 oneribus
820 2635 944 2700 dictam
967 2636 1137 2703 civitatem
1158 2637 1325 2724 tangenti-

275 2741 292 2768 “
315 2732 378 2799 bus
404 2733 555 2814 existere,
577 2736 735 2822 ipsosque,
753 2741 787 2802 et
808 2758 922 2803 eorum
945 2743 1163 2806 antecessores
1185 2744 1220 2805 et
1241 2762 1325 2828 prae·

273 2846 292 2873 “
314 2838 503 2917 decessores,
529 2839 733 2927 piscenerios,
762 2841 876 2907 allecia
902 2845 937 2908 et
963 2843 1028 2908 elie
1054 2843 1183 2910 diversa
1206 2864 1327 2931 genera

272 2947 291 2976 ‘¹
313 2939 460 3026 piscium,
488 2946 558 3008 tam
583 2963 643 3028 per
668 2947 791 3009 terrem
814 2965 914 3030 quam
940 2967 1000 3031 per
1021 2967 1149 3032 aquam,
1173 2967 1234 3034 pro
1256 2967 1325 3011 sus·

274 3045 500 3111 “tentatione
537 3044 650 3132 populi
688 3045 834 3132 ejusdem
864 3046 1011 3112 civitatis
1041 3053 1076 3114 et
1113 3049 1253 3112 aliorum
1290 3049 1326 3113 in

275 3153 292 3181 “
315 3146 429 3212 eadem
452 3148 654 3213 morantium
680 3152 715 3213 et
740 3147 784 3212 ad
809 3147 947 3213 eandem
970 3149 1217 3227 confluentium,
1242 3154 1325 3215 tem·

275 3255 293 3284 ‘⁴
314 3249 449 3335 poribus
474 3249 655 3330 retroactis,
681 3271 785 3337 usque
819 3252 864 3317 ad
890 3251 1062 3318 civitatem
1089 3252 1180 3318 illam
1208 3253 1326 3319 ducere

275 3360 292 3388 “
315 3361 351 3418 et
373 3353 409 3417 in
433 3352 545 3440 shopis
570 3355 639 3420 suis
662 3375 760 3441 super
783 3353 905 3420 Kaiam
927 3355 1118 3442 praedictam
1139 3355 1326 3423 venditioni

275 3463 292 3490 “
314 3475 483 3543 exponere,
499 3461 535 3522 et
557 3478 604 3538 ea,
628 3460 698 3522 tam
720 3457 757 3522 in
779 3477 891 3544 grosso
913 3479 1013 3544 quam
1035 3458 1260 3546 particulatim
1283 3459 1326 3524 ed

275 3565 293 3592 “
315 3558 487 3636 retalliam,
505 3559 657 3625 omnibus
677 3559 867 3645 hujusmodi
889 3560 1003 3626 allecia
1025 3567 1061 3626 et
1082 3561 1204 3649 piscem
1220 3583 1326 3628 emere

275 3659 505 3727 “volentibus
535 3662 677 3729 vendere
710 3664 923 3744 consuevisse,
954 3669 1054 3752 prout
1084 3672 1247 3754 emptores
1275 3665 1326 3730 illi

275 3773 293 3798 “
316 3763 504 3851 hujusmodi
526 3765 683 3832 allecibus
705 3770 740 3832 et
771 3767 914 3854 piscibus
936 3768 1139 3856 indigebant,
1163 3776 1198 3835 et
1221 3789 1326 3834 emere

276 3875 294 3902 “
316 3867 497 3948 volebant3
531 3872 730 3955 caeterosque
755 3869 952 3956 piscenarios
978 3871 1126 3938 civitatis
1149 3871 1324 3960 praedictae,

275 3978 294 4006 “
315 3991 374 4058 per
388 3969 555 4057 quandam
570 3971 814 4059 colligationem
830 3995 888 4040 seu
902 3973 1215 4042 confoederationem
1238 3975 1327 4040 inter

275 4081 292 4108 '‘
316 4073 495 4155 selectam,
511 4078 547 4142 et
562 4074 733 4161 scripturis
748 4081 783 4142 et
792 4074 993 4161 juramentis
1007 4077 1134 4144 illicitis
1148 4079 1324 4158 firmatam,

275 4175 422 4242 “dictos
451 4176 649 4265 piscenarios
672 4178 714 4244 de
746 4178 833 4243 Kaia
862 4179 1020 4266 proediota
1050 4180 1093 4246 ed
1117 4181 1326 4252 vendendum

275 4277 438 4344 “ibidem
468 4281 505 4345 in
531 4279 641 4368 shopis
667 4281 734 4347 suis
760 4279 875 4347 allecia
900 4287 936 4349 et
961 4283 1089 4370 piscem,
1122 4283 1210 4350 sicut
1234 4284 1326 4372 prius

274 4381 418 4448 “iacere
443 4389 690 4462 consueverunt,
712 4385 902 4451 voluntarie
925 4385 1143 4472 impedivisse,
1165 4387 1210 4452 ad
1235 4386 1327 4452 dam·

273 4491 291 4520 ‘⁴
314 4505 395 4550 num
409 4484 640 4552 inaestimabile
662 4487 777 4575 populi
799 4487 945 4573 ejusdem
960 4488 1114 4568 civitatis,
1130 4495 1165 4556 et
1185 4489 1326 4556 aliorum

275 4594 292 4621 ‘⁸
315 4587 543 4655 ministrorum
554 4594 590 4656 et
598 4589 747 4656 fidelium
762 4589 1115 4658 nostrorumineadem
1124 4593 1326 4658 morantium

275 4695 293 4724 “
315 4693 350 4756 et
376 4690 419 4756 sd
445 4692 584 4759 eandem
610 4693 844 4760 confluentium
856 4718 865 4774 ;
889 4693 1008 4780 Majori
1022 4700 1057 4761 et
1071 4694 1326 4764 vicecomitibus

508 4931 516 4964 ¹
529 4931 594 4985 This
605 4933 676 4985 word
686 4933 708 4985 is
719 4934 837 4999 repeated
847 4935 883 5002 by
893 4931 1076 4990 inadvertenoa
