3600 5822
475 889 540 955 290
809 907 911 958 ursus
932 905 1176 960 cusruussuu.
1313 893 1374 982 [14
1390 911 1474 964 now.
1491 912 1528 963 11.

328 1105 437 1154 umes
475 1095 495 1128 ¹¹
516 1091 595 1176 quie
625 1109 693 1154 non
730 1091 897 1178 pmuistis,
930 1091 1004 1159 sitis
1034 1093 1078 1158 sd
1110 1091 1305 1178 judicium.’'
1366 1093 1413 1161 Et
1449 1100 1532 1163 tuuc

472 1198 726 1260 retorneveruut
747 1193 848 1260 breve
878 1195 1016 1261 Domini
1039 1193 1142 1283 Regis
1166 1195 1209 1261 de
1232 1193 1371 1279 Itinere,
1402 1197 1441 1262 in
1462 1197 1529 1264 hiis

473 1295 583 1360 verbis
597 1319 653 1360 ε·-

305 1419 397 1464 seem
520 1397 718 1464 “Sumoniri
752 1398 890 1465 fecimus
920 1399 1201 1487 Archiepiscopos‚
1239 1399 1425 1488 Episcopos,
1456 1401 1528 1468 Ab·

304 1472 461 1568 iiill‘irlilihe
475 1507 493 1540 ¹¹
515 1501 618 1579 botes,
646 1499 782 1580 Priores,
811 1500 964 1581 Comites,
997 1502 1152 1581 Berones,
1185 1501 1318 1584 Milites,
1346 1508 1381 1568 et
1413 1525 1527 1571 omues

304 1571 408 1620 sanson
476 1613 492 1642 ¹¹
514 1605 618 1671 libere
633 1607 782 1670 tenentes
797 1604 832 1669 in
852 1604 990 1671 civitate
1006 1605 1261 1684 Londoniemm,
1278 1611 1314 1672 ct
1329 1627 1441 1672 omues
1455 1607 1529 1674 illos

474 1713 493 1744 ¹¹
515 1707 574 1792 qui
596 1727 705 1773 eorem
727 1705 929 1772 Justicisriis
952 1706 1197 1773 Itinerentibus
1223 1707 1338 1774 venire
1362 1709 1470 1774 solent
1492 1716 1528 1776 et

473 1819 490 1846 ¹¹
513 1809 699 1888 debentne
719 1809 820 1874 etiem
836 1807 878 1873 de
900 1809 1049 1896 quelibet
1064 1809 1192 1877 Werde
1207 1809 1353 1895 ejusdem
1377 1811 1528 1878 civitatis

471 1919 491 1950 ¹¹
512 1913 562 1977 xii
576 1912 697 1999 legales
720 1911 877 1990 homines,
901 1917 936 1978 et
951 1911 1192 1978 Aldermsunos
1219 1912 1420 1979 Werdurum
1442 1935 1526 2000 pree

469 2025 488 2052 ‘¹
509 2017 684 2094 dictorum,
701 2014 790 2100 quod
809 2012 878 2078 sint
893 2035 1003 2080 eornm
1018 2014 1115 2081 vobis
1135 2015 1179 2080 ed
1201 2012 1289 2080 diem
1310 2019 1345 2082 et
1366 2017 1475 2082 locum
1490 2017 1527 2082 in

468 2125 487 2156 ¹¹
508 2117 603 2185 brevi
625 2121 804 2198 contentos,
827 2121 927 2203 prout
948 2117 986 2180 in
1007 2117 1123 2182 eodem
1144 2117 1361 2204 praecipium
1384 2137 1524 2203 quorum

469 2228 488 2258 ¹¹
509 2221 646 2288 nomine
666 2217 842 2306 potentin
868 2219 1007 2285 diversis
1030 2219 1194 2286 schedulis
1220 2224 1256 2286 ct
1283 2219 1422 2307 penellis
1449 2220 1526 2288 huie

468 2325 603 2392 “brevi
625 2322 781 2402 consutis,
806 2343 873 2387 une
898 2343 973 2387 cum
995 2321 1289 2388 summonitoribus
1314 2323 1353 2387 iu
1375 2323 1526 2410 quelibet

469 2437 488 2472 ‘¹
510 2425 642 2492 Werds
690 2424 817 2490 Plscite
840 2423 979 2490 Ooronae
1002 2446 1076 2510 ques
1099 2425 1259 2510 plenitate
1273 2445 1342 2490 non
1357 2433 1447 2507 suut,
1470 2425 1525 2492 vel

468 2535 486 2566 ¹¹
509 2551 584 2615 quae
610 2531 813 2594 omersersmt
838 2531 1013 2614 postquem
1036 2527 1222 2594 Justicierii
1244 2527 1366 2593 ultimo
1388 2529 1525 2594 itinere·

468 2634 631 2695 “verunt
660 2629 750 2715 epud
779 2629 911 2694 Turrim
942 2628 1197 2710 Londonierum,
1223 2651 1299 2694 cum
1326 2651 1441 2696 eorum
1471 2635 1522 2696 et·

468 2740 486 2770 ‘¹
508 2731 747 2810 tochiementis,
772 2736 807 2796 ct
829 2752 904 2816 quse
926 2731 1034 2818 posite
1049 2737 1129 2797 suut
1145 2732 1188 2798 ed
1208 2733 1350 2819 primem
1365 2733 1520 2812 Amisum,

468 2835 680 2901 “remanent
714 2853 813 2920 pcnes
846 2832 1080 2914 camerarium,
1106 2833 1334 2916 Coronstores,
1367 2840 1401 2900 st
1425 2834 1521 2900 Vice-

467 2947 486 2975 ¹¹
508 2938 643 3003 comites
665 2935 921 3014 Loudonicrum,
938 2937 996 3021 qui
1011 2937 1205 3023 superstites
1220 2943 1307 3017 suut,
1328 2943 1362 3003 et
1375 2936 1522 3004 haercdcs

467 3049 485 3078 ‘¹
507 3045 542 3107 et
564 3044 763 3120 executores,
787 3043 823 3104 ct
844 3043 995 3104 tenentes
1017 3044 1290 3119 tenementorum
1307 3040 1439 3106 illorum
1460 3040 1520 3126 qui

466 3152 485 3181 ¹¹
507 3144 631 3210 mortui
664 3147 766 3224 sunt3
798 3163 881 3228 quos
914 3139 1173 3208 attechievimus
1205 3164 1315 3208 corum
1347 3143 1449 3220 vobis,
1483 3147 1524 3208 ut

466 3255 485 3284 ¹¹
508 3251 603 3335 petet
633 3247 671 3311 in
707 3243 871 3311 schedulis
900 3248 936 3309 et
965 3244 1107 3330 penellis
1137 3245 1214 3310 huic
1247 3245 1344 3312 brevi
1377 3245 1521 3313 euuexis.

466 3357 485 3386 ¹¹
507 3349 587 3414 Non
613 3352 693 3414 sunt
713 3348 833 3434 aliquos
856 3346 966 3412 essisae
989 3347 1026 3412 iu
1049 3348 1186 3413 nvitete
1209 3348 1456 3414 Londouiurum
1478 3349 1523 3414 ed

466 3462 485 3490 ¹¹
506 3453 648 3541 primum
682 3451 818 3518 assisam
851 3451 976 3538 positae.
1037 3449 1183 3517 Olemeri
1216 3456 1251 3517 et
1285 3452 1362 3518 sciri
1385 3451 1522 3518 fecimus

465 3563 565 3644 “per
590 3561 697 3622 totam
728 3553 885 3620 ballivum
912 3557 1069 3636 nostram,
1097 3555 1187 3640 quod
1213 3575 1326 3620 omnes
1353 3555 1465 3622 assises
1487 3559 1522 3621 et

466 3665 486 3698 ¹¹
508 3660 620 3726 omnio
634 3659 755 3746 placite
777 3677 852 3744 quoe
874 3655 1012 3722 filerunt
1034 3655 1251 3723 otterminete
1265 3663 1300 3723 et
1321 3679 1389 3723 non
1413 3657 1518 3736 finite,

463 3769 483 3800 ¹¹
504 3763 559 3829 vel
583 3783 657 3850 quse
677 3761 811 3827 firerrrut
835 3757 1003 3824 sumonite
1026 3780 1135 3824 eorem
1159 3759 1358 3826 Justicicriis
1383 3759 1521 3826 Domini

464 3873 483 3904 ¹¹
506 3865 607 3953 Regis
622 3864 790 3944 Edwardi,
806 3861 973 3949 quondum
997 3861 1096 3949 Regis
1112 3861 1252 3950 Angliae,
1278 3863 1382 3949 petris
1405 3863 1520 3929 Domi-

464 3975 483 4006 ¹¹
504 3969 540 4032 ni
565 3967 665 4054 Regis
696 3965 854 4032 Edwardi
884 3987 979 4044 nuno,
1012 3966 1101 4052 apud
1123 3964 1453 4032 Wcstmonaslerium
1484 3972 1519 4033 et

463 4078 481 4108 ¹¹
505 4070 698 4152 Eboracum,
738 4069 793 4136 vel
831 4069 897 4134 elio
934 4069 1033 4135 modo
1067 4067 1169 4154 juxte
1207 4073 1356 4134 tenorem
1399 4069 1517 4149 brevis,

462 4179 603 4262 “prout
640 4174 677 4238 in
709 4170 805 4238 brcvi
835 4173 1042 4258 prseoipitur..
1101 4171 1147 4237 Et
1178 4171 1332 4238 similiter
1357 4172 1519 4239 sumoniri

461 4285 480 4317 ‘¹
502 4277 638 4344 fecimus
660 4296 773 4341 omnes
805 4273 878 4338 illos
902 4275 961 4359 qui
991 4273 1142 4359 Majores
1168 4274 1517 4354 murmanus-viee-

461 4389 480 4418 ¹¹
501 4379 645 4460 comites,
669 4375 860 4456 camerarii,
882 4381 917 4441 et
932 4375 1152 4442 Coronetores
1173 4375 1311 4442 fuerunt
1325 4377 1362 4442 in
1377 4374 1516 4442 civitate

460 4491 479 4522 ¹¹
500 4483 669 4571 praedicte,
693 4479 810 4566 etqui
835 4479 1027 4566 superstites
1054 4483 1141 4556 sunt,
1166 4483 1242 4566 post
1263 4477 1421 4545 ultimum
1443 4477 1516 4544 Iter

460 4593 478 4625 ¹¹
500 4583 767 4652 Justicieriorum
796 4575 885 4669 opud
923 4580 1056 4646 Turrim
1093 4579 1295 4668 preedictem,
1328 4581 1416 4666 quod
1445 4580 1516 4647 siut

457 4697 476 4728 ¹¹
499 4711 608 4755 coram
641 4685 746 4766 vobis,
775 4689 875 4772 prout
900 4683 1042 4749 interius
1073 4682 1272 4772 praecipitur,
1297 4687 1332 4748 et
1362 4681 1517 4749 similiter

458 4800 476 4831 ¹¹
498 4795 593 4880 petet
606 4790 644 4858 in
659 4787 799 4857 diversis
815 4787 980 4855 schedulis
994 4791 1030 4854 ct
1043 4785 1192 4875 penellis
1245 4785 1397 4855 Fecimus
1412 4785 1515 4854 etism
