3462 5836
228 891 271 953 14
290 904 374 953 nov.
392 887 444 976 11.]
480 902 649 955 nnosarrv
665 905 709 954 on
724 887 975 954 srsnuonenns’
990 903 1180 952 nnnnuorn
1213 887 1274 950 401

227 1085 295 1151 suis
328 1108 426 1174 super
458 1087 580 1153 Kaium
611 1087 805 1174 praedictam
827 1086 970 1153 vendere
992 1090 1127 1172 possent
1149 1084 1192 1150 ad
1228 1103 1278 1149 re·

227 1187 364 1270 talliam,
378 1211 438 1257 seu
451 1189 516 1256 alio
531 1190 629 1256 modo
645 1211 846 1276 quocunque.

273 1288 319 1356 Et
334 1291 474 1378 quilibet
492 1293 724 1378 predictorum
745 1291 889 1358 Andreae
912 1296 948 1357 et
969 1291 1120 1367 aliorum,
1147 1309 1277 1374 separa·
1291 1304 1420 1399 phaseor

199 1401 205 1404 “
226 1390 290 1456 tim
314 1397 349 1458 et
370 1415 429 1480 pro
450 1415 494 1473 se,
517 1394 711 1480 dicitquod
740 1394 803 1480 ipsi
833 1414 1002 1478 nunquam
1033 1358 1429 1503 impediveruntpipipssuziu

225 1494 399 1579 predictos
429 1495 589 1561 Thomcm
627 1494 795 1574 Pikeman,
830 1495 1012 1561 Henricum
1050 1493 1220 1570 Poteman,
1244 1496 1365 1557 etrusca.

223 1594 249 1661 J
249 1594 411 1663 ohannem
427 1596 544 1682 Aleyn,
561 1597 644 1682 quin
658 1597 722 1682 ipsi
736 1595 850 1662 allecia
864 1601 899 1663 et
920 1596 986 1661 alia
1000 1617 1121 1682 genera
1141 1595 1279 1681 piscium

224 1697 261 1761 in
283 1697 394 1785 shopis
416 1699 483 1763 suis
498 1719 597 1786 super
612 1697 733 1762 Kaiam
756 1698 949 1784 praedictam
968 1697 1110 1762 vendere
1132 1701 1275 1782 possent,

224 1803 294 1863 tam
327 1799 553 1886 particulatim
582 1800 626 1866 ad
661 1799 827 1866 retalliem
859 1821 960 1886 qnam
988 1798 1025 1862 in
1058 1819 1181 1884 grosso,
1216 1820 1276 1884 pro

223 1904 397 1971 voluntate
434 1927 494 1972 sua
505 1931 514 1986 ;
536 1907 601 1972 nisi
623 1911 764 1984 tantum,
796 1905 884 1991 quod
921 1903 1097 1990 praedictus
1127 1904 1278 1969 Andreas
1289 1924 1412 2020 puppup

224 2005 323 2072 Horn
345 2007 436 2088 dicit,
458 2007 549 2094 quod
577 2008 606 2073 si
634 2007 825 2093 hujusmodi
847 2007 1000 2073 venditio
1023 2006 1148 2071 ibidem
1170 2006 1274 2084 fieret,
1290 2027 1428 2121 {1302}ng

223 2107 285 2173 boc
307 2106 393 2174 foret
416 2109 459 2174 ad
487 2130 588 2196 grave
614 2110 772 2174 damnum
792 2113 862 2174 tam
886 2107 1023 2173 Domini
1051 2107 1151 2194 Regis
1177 2129 1277 2193 quam
1290 2125 1364 2172 nora

223 2309 392 2376 verificare
414 2332 474 2398 pro
499 2310 643 2376 Domino
671 2311 767 2399 Rege.
814 2311 861 2377 Et
884 2333 924 2377 ea
945 2312 1084 2389 ratione,
1101 2311 1190 2376 idem
1206 2311 1277 2376 An·

222 2416 325 2496 meus,
348 2421 388 2482 nt
410 2415 492 2482 civis
514 2421 549 2484 et
571 2419 777 2484 eomunurius
798 2417 945 2483 civitatis
966 2417 1141 2503 praedictae,
1158 2416 1279 2482 clamat

222 2517 310 2604 ipsos
333 2517 492 2584 Thomam
514 2523 550 2584 et
572 2518 653 2584 alios
676 2519 845 2606 impedire,
870 2525 930 2585 etc

269 2618 317 2684 Et
341 2619 508 2685 Gallridus
538 2619 569 2685 le
594 2619 706 2708 Scrop,
731 2621 789 2707 qui
811 2621 964 2707 sequitur
985 2641 1046 2706 pro
1069 2620 1168 2706 Rege,
1195 2620 1278 2685 dicit
1290 2631 1448 2724 Apepmeutor

225 2721 313 2807 quod
334 2722 496 2808 proedicto
510 2722 605 2787 brevi
621 2720 759 2788 Domini
775 2723 883 2809 Regis,
900 2721 993 2808 cujus
1016 2722 1095 2787 deta
1117 2727 1167 2786 est
1189 2722 1278 2808 apud
1290 2682 1420 2825 ffiffff

225 2821 555 2888 westmonasterium
578 2823 676 2888 xxiiii
700 2823 755 2889 die
783 2823 962 2900 Februarii,
987 2844 1075 2888 anno
1109 2823 1204 2908 regni
1226 2823 1277 2887 sui
1289 2793 1437 2926 effigit&

225 2945 324 3006 xun,
359 2925 549 2990 continetur
586 2924 676 3010 quod
699 2926 852 3010 quaedam
874 2925 1099 2990 ordinationes
1128 2925 1201 3010 jam
1231 2925 1272 2990 de
1286 2895 1445 3026 fflfssggessb

224 3045 311 3091 novo
333 3047 392 3112 per
430 3025 589 3112 quosdam
612 3025 809 3113 piscenerios
832 3027 874 3091 de
897 3025 1078 3090 Londoniis
1107 3026 1196 3090 inter
1218 3047 1272 3090 eos

224 3147 323 3212 super
343 3126 534 3193 venditione
566 3127 714 3214 piscium,
736 3131 777 3191 ut
810 3148 869 3212 per
890 3147 1008 3191 manus
1041 3130 1175 3191 suaset
1208 3146 1276 3191 non

224 3249 283 3315 per
314 3248 432 3293 manus
463 3228 604 3295 aliorum
642 3228 749 3294 carium
782 3228 981 3306 vendantur,
1014 3227 1057 3293 ad
1110 3229 1277 3315 singulare

225 3329 407 3417 proficuum
440 3331 619 3397 eorundem
657 3336 692 3397 et
714 3351 884 3397 commune
917 3330 1127 3416 dispendium
1164 3331 1278 3417 populi

224 3429 369 3518 ejusdem
393 3431 549 3510 civitatis,
573 3437 608 3498 et
640 3432 780 3498 aliorum
803 3433 846 3498 ad
877 3432 1000 3498 dictam
1024 3431 1196 3498 civitatem
1218 3453 1278 3518 pro

225 3533 425 3600 victualibus
458 3535 606 3600 emendis
637 3535 880 3614 confluentium,
912 3539 947 3600 et
968 3533 1118 3601 fidolium
1141 3534 1278 3600 Domini

226 3633 326 3722 Regis
352 3635 437 3701 inibi
460 3636 670 3717 morantium,
694 3658 754 3723 per
775 3637 987 3702 collusionem
1011 3640 1045 3701 et
1076 3635 1277 3702 eonfoedera-

224 3737 349 3802 tionem
380 3737 471 3803 inter
504 3758 559 3804 eos
595 3739 734 3817 habitas,
774 3743 854 3804 sunt
903 3737 1103 3818 constitutae,
1144 3742 1179 3804 et
1221 3759 1278 3824 per

226 3842 430 3902 sacramenta
466 3837 556 3904 inter
593 3860 647 3905 eos
681 3839 876 3920 affirmatae3
914 3843 949 3904 et
986 3839 1074 3924 quod
1112 3841 1277 3926 quandem

228 3937 372 4018 Curiam,
389 3960 489 4026 quam
504 3946 624 4007 vocant
642 3949 659 3976 “
671 3940 700 4008 le
714 3939 901 4020 Hatimot,”
915 3940 1005 4005 inter
1020 3961 1074 4005 eos
1088 3943 1204 4006 tenent
1218 3963 1278 4027 pro

225 4041 400 4106 voluntate
423 4063 490 4122 sua,
514 4042 552 4108 in
585 4065 651 4130 qua
682 4041 871 4129 hujusmodi
902 4041 1125 4108 ordinationes
1147 4047 1182 4108 et
1203 4063 1278 4108 con-

226 4141 460 4208 foederationes
482 4143 640 4210 hactenus
673 4145 831 4228 iecerunt,
869 4167 929 4231 pro
973 4142 1163 4230 hujusmodi
1193 4144 1279 4210 ordi-

227 4244 422 4311 nationibus
454 4267 514 4333 per
539 4247 628 4332 ipsos
660 4246 701 4312 de
732 4268 819 4312 novo
857 4245 953 4312 factis
983 4251 1018 4311 et
1054 4245 1221 4326 faciendis,
1245 4252 1280 4313 et

226 4345 300 4410 aliis
338 4345 605 4413 ordinationibus
626 4346 815 4433 antiquitus
838 4369 897 4435 pro
934 4347 1100 4412 communi
1135 4347 1280 4414 utilitate

227 4447 375 4534 ejusdem
397 4449 435 4514 in
457 4449 572 4514 eadem
594 4449 785 4515 constitutis
807 4448 991 4527 contrariis,
1023 4449 1281 4514 manutenendis

228 4553 263 4615 et
285 4549 520 4632 defendendie3
553 4552 642 4636 quod
679 4549 870 4637 hujusmodi
893 4549 1117 4615 ordinationes
1146 4550 1217 4637 jam
1240 4550 1281 4617 de

226 4670 315 4717 novo
337 4673 396 4736 per
424 4653 600 4740 pmdictos
624 4653 811 4720 Hemonem
833 4656 868 4717 et
890 4651 972 4716 alios
997 4652 1086 4717 inter
1108 4674 1163 4717 eos
1184 4673 1282 4739 snper

227 4753 421 4820 venditione
453 4755 592 4842 piscium
614 4760 694 4822 sunt
715 4755 915 4832 constitutse,
941 4759 976 4820 et
998 4775 1057 4840 per
1078 4760 1283 4821 sacramenta

318 4870 394 4922 VOL
411 4873 448 4922 11.
1085 4872 1106 4922 0
1128 4873 1150 4922 Ο
