3462 5836
226 906 266 971 14
283 921 367 970 nnw.
384 904 437 994 11.]
474 919 638 973 surrcnrs
660 921 860 974 nnnrvnnnn
882 921 926 973 sn
947 924 1017 973 run
1040 924 1128 973 nnn.
1207 909 1271 974 357

222 1105 336 1185 boscis,
360 1105 508 1186 vivariis,
525 1111 561 1172 et
586 1103 758 1184 warennis,
782 1104 871 1170 infra
893 1105 1058 1171 custodias
1081 1103 1160 1193 [sibi
1186 1125 1273 1170 com·

222 1207 352 1293 missas]
377 1230 435 1294 per
457 1207 639 1274 Dominum
663 1209 796 1295 Regem,
820 1213 992 1293 quantum,
1017 1207 1057 1273 da
1084 1207 1214 1295 quibus,
1239 1210 1274 1272 et

223 1310 395 1394 quomode,
419 1313 454 1375 et
475 1332 496 1374 a
518 1331 583 1396 quo
606 1315 763 1398 tempore.

269 1412 321 1478 De
343 1411 475 1489 eisdem,
493 1413 557 1498 qui,
575 1413 741 1480 occasione
763 1411 952 1500 hujusmodi
973 1410 1111 1490 seisinae
1128 1411 1274 1498 ceperint

223 1513 311 1578 bona
355 1512 585 1579 defunctorum
618 1513 673 1578 vel
711 1514 881 1580 haeredum
920 1514 956 1578 in
1003 1535 1105 1579 manu
1138 1512 1276 1579 Domini

225 1615 325 1702 Regis
347 1615 477 1702 injuste,
511 1615 614 1680 donee
644 1615 884 1682 redimerentur
909 1615 952 1681 ab
983 1615 1113 1694 eisdem,
1138 1615 1276 1701 etquid

225 1722 259 1783 et
274 1722 437 1804 quantum
459 1718 510 1782 ita
524 1717 671 1805 ceperint
684 1739 745 1804 pro
759 1717 949 1803 hujusmodi
971 1717 1196 1805 redemptione
1210 1742 1219 1799 ;
1242 1722 1275 1783 et

225 1820 306 1906 quid
327 1820 371 1886 ad
393 1841 474 1908 opus
506 1842 603 1886 suum
633 1819 711 1885 inde
742 1821 925 1899 retinuerit,
959 1824 994 1886 et
1025 1841 1091 1907 quo
1121 1824 1276 1906 tempore.

226 1925 277 1990 De
300 1922 422 1989 eisdem
455 1921 513 2010 qui
547 1923 657 1988 minus
687 1921 888 1989 sufficienter
919 1923 1144 1990 extendenmt
1173 1927 1278 1988 terras

226 2025 365 2111 alicujus
395 2026 432 2090 in
457 2026 606 2092 savorem
638 2023 786 2110 ejusdem
816 2024 871 2090 vel
905 2025 1050 2107 alterius,
1086 2026 1139 2092 oui
1170 2035 1278 2092 custo·

227 2128 283 2194 dia
304 2134 467 2194 terrarum
498 2127 630 2193 illarum
658 2127 872 2207 derivandi,
904 2129 959 2194 vel
990 2129 1122 2195 concedi
1145 2125 1276 2208 ¹vendi‚

227 2230 264 2295 in
297 2231 488 2317 deceptione
518 2229 657 2296 Domini
689 2229 798 2316 Regis,
823 2235 858 2296 et
888 2229 956 2309 nbi,
980 2235 1015 2296 et
1046 2231 1219 2317 quomodo,
1243 2235 1279 2296 et

228 2333 408 2419 quidinde
431 2333 586 2420 ceperint,
610 2337 645 2398 et
668 2341 840 2418 quantum,
865 2337 900 2399 et
923 2355 987 2420 quo
1010 2339 1166 2422 tempore.

273 2435 325 2502 De
347 2435 469 2502 eisdem
493 2435 550 2523 qui
573 2456 675 2522 prece,
691 2434 809 2522 pretio,
826 2436 881 2502 vel
902 2435 1026 2516 favore,
1050 2442 1279 2504 concesserunt

229 2537 282 2606 vel
306 2539 531 2604 consuluerint
553 2537 642 2623 quod
665 2537 822 2604 custodiae
855 2539 992 2604 Domini
1025 2539 1126 2626 Regis
1157 2540 1280 2607 vende-

228 2645 344 2707 rentur
363 2663 424 2729 pro
444 2640 566 2706 minori
589 2640 696 2727 pretio
718 2662 818 2727 quam
841 2641 943 2707 vendi
967 2641 1141 2708 debuerint
1166 2664 1280 2709 secun-

230 2744 309 2809 dum
349 2765 466 2809 verum
499 2743 668 2824 valorem3
712 2742 767 2808 uel
803 2743 981 2830 maritagio
1018 2745 1061 2810 ad
1099 2743 1281 2810 Dominum

218 2833 355 2934 'Regem
377 2847 583 2934 spectantia,
605 2847 683 2911 etsi
698 2845 809 2932 aliquo
825 2847 922 2912 modo
945 2846 1186 2914 conoelaverint
1209 2869 1281 2914 cus-

229 2949 339 3016 todias
374 2949 521 3015 Domino
552 2947 651 3035 Rege,
675 2948 730 3014 vel
760 2948 938 3036 maritagio
967 2948 1136 3016 haeredum
1166 2955 1281 3018 tenen-

232 3053 316 3120 tium
347 3052 388 3117 de
412 3051 556 3117 Domino
579 3049 669 3136 Rege
699 3051 736 3116 in
761 3051 878 3138 capite,
902 3049 956 3118 vel
978 3053 1155 3139 maritagio
1177 3054 1282 3119 domi-

230 3175 348 3220 narum
363 3153 540 3220 uiduarum
561 3153 794 3219 maritatarum
818 3154 889 3219 sine
904 3153 1039 3220 licentia
1054 3154 1175 3241 Regis3
1198 3160 1233 3222 et
1255 3157 1286 3222 si

232 3257 312 3342 quid
344 3262 482 3343 propter
511 3255 573 3322 hoe
605 3255 763 3345 ceperint,
794 3260 829 3321 et
862 3261 1024 3342 quantum
1057 3257 1211 3344 ceperint,
1249 3263 1284 3324 et

232 3359 404 3446 quomodo,
428 3363 463 3426 et
485 3379 551 3445 quo
573 3363 729 3447 tempore

278 3462 375 3542 Item,
391 3461 432 3527 de
454 3461 575 3529 eisdem
592 3462 651 3550 qui
673 3459 922 3550 procuraverint
936 3462 992 3528 vel
1007 3461 1285 3550 ⁹ooutempserint

234 3564 321 3651 qnod
336 3563 509 3630 Juratores
536 3564 794 3651 Inquisitionum
818 3565 858 3630 de
885 3569 985 3631 aetate
1007 3565 1175 3632 haeradum
1199 3567 1286 3632 dioe-

234 3673 310 3733 rent
331 3667 419 3754 ipsos
441 3667 588 3734 haeredes
615 3668 721 3755 plenae
750 3668 869 3750 aetatis,
901 3689 976 3734 cum
1004 3690 1073 3734 non
1103 3673 1220 3748 essent,
1244 3675 1285 3736 ut

235 3769 399 3836 Dominus
422 3769 496 3836 Rex
518 3792 578 3858 per
611 3769 673 3836 hoe
695 3770 862 3838 amitteret
891 3770 1074 3837 urstodiam
1095 3771 1285 3858 hujusmodi

234 3872 411 3940 haeredum.

280 3973 331 4042 De
341 3975 407 4042 hiis
418 3974 477 4062 qui
491 3974 734 4042 reservaverint
748 3975 879 4056 eisdem,
892 3975 947 4043 vel
958 3976 1001 4042 ad
1011 3997 1092 4065 opus
1106 3997 1202 4043 suum
1211 3999 1285 4066 pro·

234 4077 352 4166 prium,
369 4079 535 4144 custodias
555 4082 590 4145 et
609 4078 785 4166 maritagio
799 4102 858 4167 per
871 4079 945 4146 leve
967 4081 1119 4168 pretium,
1136 4081 1206 4147 sive
1228 4103 1287 4168 per

235 4181 515 4249 concolamentum
546 4181 671 4248 factum
704 4181 849 4250 Domino
885 4181 992 4269 Regi3
1030 4189 1065 4248 et
1105 4182 1288 4269 cujusmodi

235 4284 358 4351 demna
383 4285 549 4351 Dominus
573 4284 647 4350 Rex
669 4284 746 4350 inde
769 4285 895 4364 habuit,
927 4290 962 4350 et
984 4307 1049 4370 quo
1070 4291 1228 4374 tempore.

281 4385 380 4467 Item,
403 4387 432 4452 si
454 4387 639 4473 cujusmodi
661 4387 845 4472 seyeierunt
860 4393 974 4467 terras,
998 4391 1032 4453 et
1053 4410 1113 4475 per
1127 4395 1289 4475 quantum

236 4495 368 4578 tempus
391 4509 447 4556 eas
481 4490 518 4556 in
550 4512 652 4556 manu
684 4489 823 4556 Domini
858 4489 958 4577 Regis
980 4490 1190 4557 retinuerint.
1237 4491 1290 4557 De

273 4823 337 4874 'An
349 4839 419 4876 error
430 4825 469 4876 ior
479 4823 601 4875 debuerat.
731 4819 737 4891 Ι
788 4821 930 4890 'Properly
941 4825 1109 4876 conamini.
