3648 5816
467 927 509 994 44
805 944 908 998 muns
930 940 1179 998 cusruusnuu
1285 929 1343 1018 [ll
1364 949 1445 998 ιιιι.
1465 947 1517 1012 ιιι,

467 1136 485 1166 “
509 1131 710 1210 commoniti,
726 1155 747 1197 a
765 1137 911 1221 tempore
926 1133 1190 1200 commonitionis
1211 1155 1246 1200 se
1269 1136 1469 1202 correxerint
1484 1139 1519 1200 et

467 1240 485 1268 “
509 1233 648 1300 arbitrio
664 1234 910 1302 ordinationum
926 1236 1021 1324 plena
1038 1237 1256 1304 satisfecerint
1271 1237 1313 1302 de
1328 1238 1519 1316 commissis,

468 1343 486 1370 “
509 1358 551 1402 ex
574 1342 654 1403 tunc
675 1337 745 1403 sint
766 1337 828 1404 bac
849 1339 1017 1405 sententie
1039 1340 1199 1406 innodati.
1246 1338 1373 1406 Eadem
1395 1345 1430 1406 et
1445 1362 1518 1406 sen·

467 1447 484 1474 “
507 1439 615 1506 tentia
636 1440 834 1508 innodamus
856 1463 968 1507 omnes
990 1441 1065 1514 illos
1087 1443 1144 1528 qui
1168 1463 1282 1528 pacem
1298 1442 1433 1508 Domini
1454 1443 1517 1508 Re·

466 1547 485 1576 “
506 1542 557 1628 gis
589 1547 623 1608 et
654 1543 748 1629 regni
779 1545 1049 1632 praesumpserint
1087 1546 1287 1631 perturbare.
1350 1545 1393 1609 In
1424 1545 1517 1631 cujus

466 1651 483 1678 “
506 1645 554 1709 rei
576 1645 767 1712 memoriam
783 1647 1026 1732 sempiternam,
1046 1668 1107 1712 nos
1123 1647 1220 1736 signe
1241 1650 1355 1714 nostra
1376 1670 1518 1735 praesen-

466 1753 482 1784 “
506 1746 597 1812 tibus
619 1747 776 1814 duximus
798 1748 1023 1836 apponenda”

847 1909 872 1916 ..-
882 1911 889 1916 .
897 1911 911 1916 -
918 1910 1137 1921 -—.-—--——...

464 2029 591 2100 Obsita
610 2055 675 2120 per
689 2053 797 2122 quum
818 2031 988 2103 waresca
1013 2031 1053 2100 dc
1078 2031 1200 2100 Succos
1218 2032 1296 2120 suit
1321 2033 1516 2104 ᾱιιιυιιιιι-

795 2143 881 2206 nala
897 2143 926 2204 ct
941 2135 1180 2224 ‹bcfformtam

295 2304 430 2410 Qff,
508 2291 723 2375 “Hauricua
741 2294 805 2362 Dei
824 2294 934 2383 gratia
950 2295 1024 2361 Rex
1048 2293 1193 2381 Angliae,
1215 2292 1378 2360 Dominus
1395 2293 1515 2360 Hiber-

295 2400 481 2533 ‘diffisi‘
504 2396 582 2476 nise,
608 2396 688 2462 Dux
711 2397 926 2464 Normanniae
949 2401 984 2464 et
1008 2397 1234 2485 Aquitanniae,
1261 2397 1379 2464 Comes
1403 2397 1516 2462 Ande-

294 2507 352 2650 {pu
345 2504 482 2654 ἓν(
503 2499 618 2586 gavise,
635 2499 905 2587 Archiepiscopis,
925 2499 1108 2618 Episcopis,
1121 2499 1320 2578 abbatibus,
1337 2499 1514 2578 Prioribus,

293 2609 451 2707 pm&
463 2599 700 2682 “Comitibus,
717 2603 910 2682 Batonibus,
926 2603 1006 2668 Just
1007 2602 1136 2680 icisriis,
1147 2601 1412 2682 Vicecomitibus,
1427 2601 1515 2668 Pne-

463 2702 628 2788 “positis
656 2704 827 2782 ministris,
858 2705 1046 2784 forestariis,
1079 2710 1113 2771 et
1142 2705 1297 2770 omnibus
1323 2703 1456 2770 ballivis
1482 2709 1516 2768 et

461 2805 657 2871 “fidelibus
672 2807 748 2887 suis,
770 2806 920 2873 sulutem.
967 2807 1086 2874 Sciatis
1106 2829 1167 2873 nos
1189 2805 1390 2885 concessisse,
1406 2810 1441 2872 et
1455 2807 1516 2872 hac

462 2907 630 2974 “Charta
658 2912 773 2975 nostra
802 2908 1018 2990 confirmasse,
1049 2931 1109 2998 pro
1138 2909 1234 2976 nobis
1265 2913 1300 2974 ct
1329 2908 1515 2975 haeredibus

460 3019 479 3044 “
501 3011 631 3092 nostris,
656 3011 924 3100 Archiepiscopie,
957 3012 1137 3099 Episcopis,
1165 3012 1365 3093 Abbatibus,
1392 3009 1515 3077 Priori-

460 3121 478 3152 “
500 3112 572 3192 bus,
599 3113 795 3196 Comitibus‚
800 3114 1011 3192 Beronibus,
1034 3113 1206 3192 militibus,
1223 3123 1258 3180 et
1278 3114 1382 3180 libere
1396 3118 1514 3180 tenen·

459 3222 478 3252 “
500 3214 599 3296 tibus,
615 3220 650 3283 et
665 3218 816 3283 omnibus
836 3217 876 3284 da
892 3217 1064 3285 comitatu
1086 3216 1322 3296 Middelsexiae,
1337 3215 1426 3302 quod
1442 3221 1515 3282 tots

459 3325 478 3356 “
501 3318 668 3386 Warenna
692 3319 733 3385 de
758 3320 885 3401 Stunes,
902 3342 976 3386 cum
1001 3319 1210 3436 pertinentiis
1231 3318 1306 3397 suis,
1322 3319 1368 3384 sit
1385 3319 1515 3384 deawa·

459 3431 477 3458 “
499 3428 639 3488 rennata
673 3428 709 3488 et
745 3422 1020 3490 dmffuffestata
1010 3443 1047 3487 m
1079 3426 1282 3540 perpetuum.
1330 3421 1387 3486 Ita
1422 3421 1513 3508 quod

458 3529 478 3563 “
499 3546 612 3591 omnes
634 3525 794 3613 praedicti,
819 3532 855 3593 et
884 3547 998 3592 eorum
1028 3524 1172 3591 haeredes
1203 3525 1273 3590 sive
1303 3545 1510 3606 successores,

470 3635 478 3662 ‘
500 3649 630 3694 omnem
644 3628 832 3694 libertatem
845 3633 880 3694 et
891 3627 1137 3694 immunitatem
1149 3627 1324 3693 Warennae
1336 3632 1371 3693 et
1382 3627 1512 3694 forestis

459 3729 646 3796 “habeant
675 3731 712 3796 in
743 3729 902 3818 praedicta
929 3727 1116 3810 Wesenna3
1146 3729 1236 3794 infra
1270 3750 1370 3815 quam
1396 3749 1510 3794 omnes

457 3836 476 3868 ‘⁸
499 3837 604 3898 terras
617 3854 692 3898 suas
707 3833 862 3910 excolere,
885 3837 921 3898 et
934 3831 1048 3898 boscos
1068 3851 1145 3897 suos
1160 3835 1329 3912 essartare,
1345 3835 1511 3917 poterunt,

458 3940 478 3970 ‘¹
500 3939 536 3998 ot
550 3957 611 4021 pro
626 3935 798 4002 voluntate
807 3957 867 4001 sua
881 3934 959 4000 inde
972 3934 1156 4021 disponere,
1168 3933 1239 4000 sine
1248 3933 1322 4000 visu
1332 3938 1368 4000 et
1382 3938 1511 4000 contra-

459 4045 477 4072 “
499 4037 645 4104 dictione
666 4039 955 4119 warennaricrum,
971 4036 1026 4104 vel
1041 4036 1297 4117 forestariorum,
1313 4040 1348 4102 et
1363 4035 1511 4102 omnium

458 4145 477 4175 “
499 4139 725 4208 ministrorum
741 4161 897 4222 suorum;
923 4147 959 4208 et
978 4139 1065 4207 infra
1088 4133 1189 4228 quain
1215 4139 1326 4206 nullus
1340 4161 1512 4205 warenna·

459 4249 478 4278 “
500 4243 581 4322 rius,
596 4244 650 4310 vel
664 4242 863 4321 forestarius,
880 4243 933 4309 vel
948 4243 972 4308 J
972 4243 1161 4310 usticisrius
1176 4243 1307 4308 foreste
1322 4247 1454 4321 nostrae,
1469 4243 1510 4308 de

456 4351 475 4382 ‘⁴
499 4346 594 4412 terris
609 4345 662 4414 vel
676 4345 782 4413 boscis
794 4346 871 4427 suis,
882 4367 943 4411 nec
958 4345 999 4411 de
1014 4347 1113 4412 viridi
1127 4345 1182 4413 vel
1197 4345 1383 4428 venatione,
1398 4344 1454 4412 vel
1468 4343 1510 4411 da

456 4455 476 4488 ‘⁸
498 4449 724 4516 inbladatione
744 4471 779 4516 so
798 4449 974 4535 quicquam
998 4447 1222 4529 intromittst3
1248 4469 1309 4515 nec
1333 4449 1430 4534 ipsos,
1455 4447 1510 4514 vel

456 4561 474 4590 “
496 4552 640 4619 hseredes
662 4557 723 4618 aut
743 4572 939 4618 successores
969 4571 1090 4629 eorum,
1114 4573 1172 4638 per
1194 4551 1342 4637 aliquam
1365 4571 1509 4615 summo·

454 4661 473 4691 “
496 4653 658 4720 nitionam
683 4654 738 4720 vel
763 4653 1004 4721 districtionem
1026 4674 1134 4719 coram
1158 4653 1183 4720 J
1185 4652 1360 4720 ustieisriis
1382 4651 1508 4717 nostris

454 4763 473 4794 “
495 4756 538 4822 de
566 4755 696 4838 somata,
721 4756 776 4823 vel
805 4756 1029 4838 warennariis,
1061 4756 1175 4822 venire
1201 4755 1309 4838 beist,
1340 4755 1509 4822 occasione

453 4864 473 4896 “
494 4863 658 4929 terrorum
672 4864 707 4927 et
720 4865 985 4932 tenementorum
1006 4879 1149 4942 urorum,
1171 4864 1402 4927 contentorum
1423 4857 1510 4926 infre
