3624 5824
308 947 347 1012 ³1
362 943 494 1032 nnus]
540 960 753 1012 rnornonou
775 960 820 1009 or
843 959 997 1012 reamur
1020 959 1234 1013 unncusurs.
1292 950 1357 1014 205

308 1157 326 1184 “
348 1155 383 1215 et
404 1148 521 1214 teneri.
569 1148 615 1214 Et
637 1148 707 1230 hoc,
728 1149 814 1215 sicut
835 1171 937 1237 grave
960 1151 1117 1217 damnum
1140 1156 1237 1217 tuum
1252 1153 1359 1218 vitare

308 1259 327 1288 “
349 1251 502 1332 volueris,
534 1250 626 1316 nullo
653 1252 751 1318 modo
783 1253 927 1318 omittas.
973 1253 1071 1318 Teste
1102 1256 1235 1341 meipso,
1271 1256 1359 1342 apud

308 1360 326 1390 “
350 1353 482 1418 sl'urrim
505 1353 760 1432 londoniarum,
777 1354 854 1418 xiii⁰
871 1355 924 1420 die
940 1356 1139 1435 Decembris,
1156 1378 1244 1423 anno
1266 1359 1359 1444 regni

308 1464 328 1493 ‘¹
351 1456 456 1522 nostri
479 1453 596 1520 xxii⁰”

553 1775 734 1842 Stututum
757 1775 796 1840 dc
816 1775 915 1841 Nouo
939 1775 1113 1842 Castana.
1397 1796 1503 1844 nunu

354 1913 576 1993 “Edwarrlus,
612 1913 675 1978 Dei
707 1915 824 2001 gratia,
849 1913 923 1980 Rex
949 1914 1087 2000 Angliae,
1113 1915 1274 1982 Dominus
1298 1914 1501 2026 Hippuros

309 2023 328 2050 “
348 2017 481 2097 herniae,
499 2021 533 2082 et
547 2017 628 2082 Dux
644 2015 870 2102 Aquitanniae,
886 2016 1155 2103 Archiepisoopis,
1180 1985 1515 2130 Episcopis,{gz{1}{i({o

309 2127 327 2153 “
351 2118 548 2198 Abbatibus,
572 2117 751 2200 Prioribus,
785 2118 978 2198 Comitibus,
1007 2119 1197 2200 Baronibns,
1223 2126 1257 2186 et
1280 2121 1511 2238 Juff'iiiiffiu.

309 2227 327 2259 “
351 2222 496 2298 ticiariis,
514 2220 781 2300 vicecomitibus,
798 2221 997 2309 Praepositis,
1019 2223 1188 2302 nunistris,
1205 2229 1239 2289 et
1256 2245 1360 2288 omm-

309 2325 412 2390 “bus
435 2325 508 2390 aliis
527 2323 660 2388 ballivis
683 2329 717 2389 et
739 2324 892 2390 fidelibus
915 2325 991 2406 suis,
1016 2326 1059 2390 ad
1081 2348 1162 2412 quos
1185 2333 1360 2413 praesentes

310 2438 327 2464 ‘⁴
350 2428 471 2493 litterae
493 2426 713 2514 pervenerint,
729 2427 877 2492 salutem.
925 2427 1020 2494 Circa
1035 2428 1159 2493 bonum
1177 2426 1359 2518 {statutum

309 2531 497 2596 “omnium
520 2535 738 2595 mercatorum
768 2529 1025 2617 subscriptorum
1049 2553 1234 2616 regnorum,
1258 2537 1361 2598 terra-

320 2643 432 2711 ‘rum,
456 2638 492 2699 et
513 2632 764 2718 provinciarum,
793 2631 956 2711 videlicet,
981 2631 1173 2714 Alemaniae,
1201 2634 1358 2719 Francia,
1371 2664 1498 2714 nnuma.

308 2747 327 2772 “
350 2736 555 2824 Hispanniae,
572 2735 783 2822 Portugalira
800 2734 981 2815 Navarriae,
999 2734 1214 2816 Lumbardiae,
1226 2737 1358 2820 Tusciae,
1371 2716 1524 2821 ltbtlllll

309 2847 327 2874 ‘¹
349 2837 541 2919 Provinciae,
567 2836 757 2916 Oatelanire,
782 2841 816 2904 et
840 2836 990 2902 Ducatus
1015 2839 1120 2903 nostri
1136 2840 1358 2926 Aquitanniae‚
1371 2821 1485 2872 aunem,

309 2950 327 2976 “
349 2931 587 3018 Tholosaniae,'
612 2939 797 3020 Caturcini,
851 2939 1025 3019 Flandriae,
1074 2940 1276 3025 Brabanciae,
1324 2950 1360 3010 et

309 3044 497 3109 “omnium
519 3042 657 3107 aliarum
689 3047 851 3108 terrarum
880 3047 915 3108 et
946 3043 1091 3108 locorum
1126 3050 1359 3112 extraneorum

308 3156 326 3182 “
348 3146 566 3232 ²quocunque
581 3146 714 3210 nomine
731 3151 932 3223 censeantur,
950 3146 1155 3211 venientium
1170 3147 1206 3212 in
1221 3169 1358 3234 regnum

309 3259 326 3283 “
349 3253 500 3314 nostrum
523 3247 663 3334 Angliae,
689 3252 724 3313 et
745 3247 869 3313 ibidem
892 3248 1168 3328 conversantium,
1192 3271 1252 3314 nos
1275 3273 1357 3337 prse-

317 3351 445 3438 ‘cipua
478 3371 557 3415 cura
586 3350 751 3430 sollicitat,
785 3349 926 3436 qualiter
959 3349 1021 3414 sub
1055 3354 1168 3416 nostro
1202 3352 1358 3436 dominio,

308 3452 602 3539 “tranquillitatis
626 3457 661 3517 at
686 3452 794 3538 plenae
819 3452 1006 3518 securitatis
1031 3451 1212 3518 munimine
1235 3454 1357 3520 eisdem

306 3555 585 3624 “mercatoribus
629 3554 752 3619 futuris
797 3553 1001 3642 temporibus
1049 3561 1276 3641 praeparatum
1320 3565 1359 3623 ut

307 3669 325 3694 “
347 3661 462 3744 itaque
494 3660 574 3722 vota
605 3657 750 3743 ipsorum
781 3656 963 3724 reddantur
987 3657 1029 3721 ad
1059 3662 1173 3723 nostra
1202 3663 1237 3724 et
1263 3662 1357 3747 regni

307 3770 324 3796 “
347 3761 452 3827 nostri
474 3759 609 3825 servitia
624 3759 837 3846 promptiora,
855 3760 1001 3846 ipsorum
1024 3758 1242 3846 petitionibus
1265 3761 1357 3827 lavo-

305 3863 497 3928 “rabiliter
526 3867 717 3939 annuentes,
742 3867 776 3928 et
810 3884 870 3949 pro
904 3867 996 3927 statu
1028 3863 1206 3928 eorundem
1229 3865 1357 3950 plenius

307 3975 325 4003 “
349 3963 573 4044 assecurando,
601 3963 638 4028 in
663 3963 769 4030 forma
784 3987 858 4050 quae
886 3965 1037 4052 sequitur
1059 3966 1257 4048 ordinantes,
1281 3968 1357 4033 sub-

307 4077 325 4104 “
349 4069 471 4154 scripta
494 4067 592 4132 dictis
625 4067 869 4147 mercatoribus,
902 4089 961 4154 pro
987 4068 1083 4133 nobis
1107 4074 1142 4134 et
1173 4069 1357 4135 haeredibus

308 4180 326 4206 ‘⁴
348 4170 476 4248 nostris,
493 4170 528 4234 in
544 4174 742 4256 perpetuum
758 4169 914 4236 duximus
929 4170 1142 4237 concedenda
1189 4172 1355 4258 Inprimis,
1394 4203 1420 4248 ιι,
1427 4205 1501 4248 1⁶0„

308 4283 326 4310 “
349 4273 510 4354 videlicet,
534 4271 622 4358 quod
645 4295 758 4338 omnes
780 4278 975 4339 mercatores
998 4274 1160 4339 dictorum
1183 4295 1357 4361 regnorum
1370 4290 1499 4335 suessa-

306 4384 324 4414 “
348 4382 381 4442 et
396 4382 556 4441 terrarum
573 4376 666 4441 salvo
681 4381 716 4442 et
730 4397 848 4456 secure,
865 4377 928 4441 sub
943 4376 1085 4442 tuitione
1106 4382 1140 4441 et
1155 4378 1358 4462 protectione
1369 4341 1525 4486 iffiitliob

307 4489 325 4515 “
346 4483 468 4560 nostra,
492 4479 529 4542 in
567 4478 694 4544 dictum
727 4499 868 4564 regnum
891 4483 1041 4543 nostrum
1065 4479 1206 4566 Angliae,
1231 4486 1265 4545 et
1287 4455 1480 4588 ubi-roffi

303 4589 324 4620 “
346 4603 487 4668 cumque
510 4579 597 4645 infra
617 4585 817 4667 potestatem
840 4585 987 4646 nostram
1010 4579 1100 4660 alibi,
1123 4581 1264 4647 veniant
1284 4605 1358 4648 cum
1370 4555 1525 4648 lievssei⁸³⁰

337 4877 586 4944 'Properlystatm
786 4873 793 4946 Ι
816 4877 1356 4948 'wnuenqrmmaqueinrheongimt
