3600 5822
441 903 506 968 314
785 917 886 966 niens
907 913 1153 968 ousuossnuu.
1279 899 1338 988 [14
1354 917 1438 968 now.
1455 919 1494 968 11·

441 1113 458 1138 ‘¹
481 1101 518 1168 in
531 1101 716 1190 Hustengo‚
732 1107 768 1170 et
782 1107 899 1190 posteo
913 1103 1015 1170 fuerit
1030 1104 1139 1190 posits
1153 1121 1263 1170 eorum
1278 1103 1402 1170 eisdem
1416 1104 1495 1170 Jus-

440 1213 457 1241 “
480 1204 627 1287 tioieriis,
636 1227 674 1271 eo
687 1207 776 1292 quod
787 1206 844 1272 ille
859 1205 918 1294 qui
932 1205 1157 1293 implacitatus
1172 1206 1219 1274 sit
1233 1206 1378 1293 ediquem
1392 1205 1494 1272 lorin-

441 1319 458 1342 “
481 1329 600 1390 secum,
618 1307 703 1375 nihil
727 1309 907 1378 habentem
934 1307 1024 1376 inire
1045 1307 1236 1376 libertatem
1263 1309 1419 1390 civitatis,
1435 1331 1494 1376 vo·

441 1426 457 1446 ‘⁶
482 1411 605 1479 caverit
619 1412 663 1478 ed
678 1415 905 1494 warrantum
928 1409 1075 1500 exeeptis
1096 1412 1278 1480 diseeisinis
1299 1412 1397 1480 nois
1417 1419 1494 1501 poet

284 1527 288 1540 '
362 1535 421 1566 wm-
441 1525 457 1550 “
480 1515 769 1604 summonitionem
796 1515 940 1584 Itineris
985 1515 1031 1582 lit
1060 1515 1171 1597 etiem,
1194 1517 1283 1604 qood
1302 1515 1443 1604 loquelse
1456 1517 1493 1582 in

483 1617 593 1686 Curiis
609 1618 857 1686 Londonierum
876 1619 1026 1706 inoeptoe,
1042 1625 1078 1688 et
1091 1619 1139 1686 ibi
1153 1619 1343 1706 pendentes
1367 1619 1492 1688 ibidem

482 1720 605 1787 debent
619 1721 799 1800 tenninesi,
812 1720 936 1808 ubsque
950 1741 989 1788 eo
1003 1722 1093 1810 quod
1107 1721 1188 1788 alibi
1203 1727 1370 1810 ponentur
1384 1745 1492 1789 eorem

440 1831 457 1861 “
481 1823 647 1910 aliquibus
660 1823 685 1890 J
685 1823 864 1890 ustioieriis
880 1824 981 1912 Regis
993 1849 1002 1906 3
1016 1824 1081 1890 nisi
1093 1845 1151 1912 per
1160 1825 1403 1912 responsionem
1418 1849 1492 1913 per-

440 1937 457 1964 “
481 1927 564 1994 tium
581 1926 615 1994 in
632 1927 820 2014 plaoitendo
845 1927 971 2013 aliquid
985 1927 1155 2016 allegetur,
1178 1927 1269 1996 unde
1294 1928 1397 1996 Ornis
1418 1950 1493 2017 eog-

441 2041 458 2066 “
481 2053 613 2098 nosoere
635 2052 701 2098 non
724 2031 848 2118 poterit
877 2051 938 2098 neo
959 2030 1119 2116 plsoitum
1144 2030 1229 2097 illud
1255 2031 1462 2098 terminme”

272 2139 421 2234 gipffigff
484 2135 531 2201 Et
553 2133 772 2201 communitos
795 2133 897 2214 venit,
930 2137 965 2200 ot
989 2133 1099 2220 quoad
1125 2153 1238 2202 omnes
1262 2133 1431 2202 Animos
1456 2135 1492 2199 in

271 2241 597 2344 didliildprfflfflm
619 2241 714 2308 brevi
739 2245 920 2320 contentos,
937 2239 1084 2326 exeeptis
1107 2239 1174 2306 illis
1199 2240 1492 2327 Articulis-quod

272 2343 409 2440 {ffiggffi
440 2343 656 2412 Vioeoomites
686 2343 932 2410 Londoniorum
960 2341 1107 2410 hebesnt
1135 2341 1317 2410 emtodinm
1347 2345 1491 2410 omnium

271 2445 408 2539 Qffiss,
439 2447 606 2534 prisonum
629 2467 762 2514 suorum
785 2447 822 2512 in
845 2445 994 2527 Itinere3
1017 2451 1053 2512 et
1075 2445 1164 2532 quod
1186 2445 1296 2533 Mejor
1317 2451 1352 2513 et
1374 2445 1492 2512 Alder·

271 2547 406 2640 },ffl‘g
439 2555 555 2620 menni
577 2553 701 2621 debent
726 2558 879 2622 oretenus
907 2553 1077 2620 recordere
1103 2573 1216 2619 omnes
1237 2553 1393 2641 antiques
1419 2575 1494 2620 eon-

272 2647 386 2740 oessffi'i
441 2659 633 2776 suetudines
647 2679 731 2738 suas,
748 2663 829 2741 eto3
852 2665 888 2726 et
902 2660 991 2747 quod
1013 2659 1055 2726 de
1077 2659 1170 2726 nullo
1191 2664 1383 2727 tenemento
1404 2659 1493 2747 quod

272 2747 408 2842 mffiffl'
441 2768 486 2827 sit
507 2761 596 2827 miiu
618 2761 809 2828 libertatem
840 2761 988 2830 civitatis
1018 2761 1264 2829 Londonisrum
1290 2762 1417 2832 debent
1445 2783 1494 2830 re-

271 2853 416 2950 fflssfpm,
441 2863 600 2953 spondeis
624 2885 733 2931 eorem
749 2863 953 2932 Justioieriis
976 2866 1065 2954 opud
1080 2865 1212 2932 Tuum
1236 2864 1491 2946 londoniarum,

439 2967 505 3035 nisi
526 2967 657 3055 loquele
686 2967 788 3034 fuerit
809 2967 900 3056 prius
929 2969 967 3034 in
990 2968 1176 3057 Hustsngo,
1201 2973 1237 3036 et
1257 2973 1373 3057 posteo
1393 2969 1494 3036 fuerit

438 3093 549 3140 eorem
570 3069 694 3138 eisdem
715 3070 922 3152 Justioimiis,
938 3091 978 3138 eo
1000 3071 1090 3159 quod
1111 3071 1168 3138 ille
1190 3071 1250 3159 qui
1271 3071 1494 3160 impleoitetus

438 3177 483 3242 sit
504 3175 648 3262 aliquem
670 3173 874 3255 forinsecum,
890 3171 977 3240 nihil
998 3173 1174 3242 habentem
1196 3174 1284 3240 inim
1305 3174 1494 3242 libertatem

439 3278 593 3360 civitatis,
605 3278 776 3345 vocaverit
786 3275 830 3344 ed
839 3281 1063 3360 sorrentum
1079 3275 1227 3366 exeeptis
1237 3276 1418 3345 disseisinis
1429 3277 1495 3344 foo-

438 3381 483 3447 tis
498 3386 574 3468 post
587 3381 877 3448 summonitionem
895 3379 1051 3462 Itineris3
1072 3385 1108 3448 et
1122 3380 1224 3448 etism
1247 3381 1337 3468 quod
1356 3381 1495 3468 loquelae

438 3483 475 3548 in
491 3483 593 3550 Ourie
608 3482 853 3550 Londoninrom
875 3483 1022 3572 inoeptae‚
1038 3485 1075 3550 et
1088 3482 1137 3549 ibi
1154 3481 1345 3571 pendentes,
1369 3482 1494 3549 ibidem

439 3585 562 3654 debent
584 3585 766 3666 terminari,
783 3586 907 3672 absque
928 3609 967 3652 eo
989 3587 1079 3674 quod
1100 3585 1181 3652 olibi
1203 3590 1371 3674 ponentur
1385 3605 1494 3652 eorem

439 3690 606 3776 aliquibus
647 3688 852 3757 Justioisriis
896 3689 1020 3778 Regis3
1064 3689 1129 3754 nisi
1162 3709 1222 3777 per
1249 3687 1493 3776 responsionem

439 3793 583 3880 portium
606 3793 733 3878 aliquid
763 3793 932 3880 allegetur,
964 3789 1054 3859 unde
1084 3791 1187 3860 Onne
1214 3811 1406 3880 eognosoers
1435 3813 1495 3858 neo

439 3895 598 3983 placitum
613 3895 698 3961 illud
713 3895 893 3962 terminare
907 3893 1167 3982 poterit-dicit,
1184 3893 1273 3982 quod
1285 3893 1359 3981 ipse
1372 3895 1495 3961 elamet

440 4020 551 4066 omnes
573 3997 753 4078 libertates,
777 3997 989 4084 quietsnoias,
1004 4003 1040 4066 et
1053 3997 1313 4077 eonsuetudines,
1329 3997 1367 4062 in
1389 3997 1494 4066 omni·

438 4103 500 4168 bus
531 4101 691 4167 Articulis
723 4100 761 4166 in
793 4101 882 4168 dioto
915 4101 1010 4168 brevi
1032 4105 1213 4181 contentos,
1245 4101 1393 4189 exeeptis
1423 4107 1492 4181 eto,

438 4223 498 4293 per
520 4205 681 4272 Ohertem
704 4203 842 4270 Domini
865 4201 966 4292 Regis
996 4223 1086 4271 nuno
1110 4208 1146 4271 et
1167 4223 1227 4292 per
1249 4203 1395 4272 Obertes
1418 4226 1493 4291 pro-

437 4305 634 4396 genitorum,
651 4306 819 4394 quondum
834 4305 963 4395 Regum
978 4296 1327 4396 Angliae,-uidelioet‚
1345 4307 1388 4374 de
1409 4307 1493 4394 seip-

283 4453 319 4522 ›‚n
360 4491 374 4524 ο
399 4405 401 4410 ’
438 4412 484 4478 sis
515 4411 635 4500 eligere
662 4411 829 4498 Mojomm,
863 4429 923 4497 per
956 4409 1117 4478 obedum
1150 4409 1286 4476 Domini
1319 4407 1492 4492 Jobeunis,

390 4493 414 4526 ‘¹'
439 4515 605 4602 quondam
643 4511 743 4602 Regis
772 4509 914 4600 Anglise,
945 4513 1063 4601 proavi
1093 4513 1230 4580 Domini
1264 4511 1366 4601 Regis
1394 4531 1492 4593 nune,

439 4639 540 4705 quem
561 4616 741 4705 proienmt,
757 4615 795 4682 in
816 4635 884 4702 que
904 4615 1093 4683 eontinetur
1114 4617 1204 4704 quod
1225 4613 1315 4682 idern
1329 4615 1494 4682 Dominus

439 4717 618 4800 iohannes,
652 4719 735 4801 Rex,
768 4719 928 4787 eonoessit
961 4717 1150 4788 Beronibus
1180 4717 1250 4786 suis
1280 4717 1323 4785 de
1355 4717 1494 4787 oivitete

439 4823 694 4904 londoniarum,
711 4821 800 4910 quod
814 4823 943 4912 eligent
964 4821 1127 4911 blojorem
1149 4821 1194 4889 de
1215 4819 1332 4910 seipsis
1353 4818 1493 4910 singulis
