3462 5836
257 875 300 940 lt
316 889 401 938 nov.
419 872 470 960 11.]
518 887 682 938 nuoruan
704 875 793 938 uun
814 887 858 937 ro
880 887 905 937 s
926 887 1012 938 nuru
1034 887 1169 938 assoon.
1240 869 1305 941 397

256 1082 273 1113 “
297 1075 377 1142 culis
404 1076 440 1141 in
464 1075 561 1142 dietis
595 1075 813 1163 petitionibus
836 1075 999 1140 contentis
1024 1079 1058 1141 et
1082 1074 1156 1140 aliis
1180 1074 1306 1140 dietum

257 1186 275 1214 ‘¹
297 1179 468 1266 nogotium
502 1177 724 1266 tangentibus,
756 1199 837 1265 quos
867 1177 1026 1244 noveritis
1055 1178 1092 1242 in
1121 1177 1182 1243 bno
1212 1182 1307 1264 parte

256 1288 274 1317 ‘¹
296 1280 542 1362 examinandos,
573 1301 631 1367 per
666 1286 908 1347 sacramentum
938 1279 1123 1367 aliquorum
1161 1279 1307 1345 civitatis
1361 1279 1364 1286 ’

257 1391 275 1420 “
298 1383 465 1472 praedietae
495 1405 554 1470 per
576 1403 658 1469 qnos
682 1383 833 1470 poteritis
863 1381 941 1448 inde
971 1382 1101 1469 plenius
1126 1381 1305 1460 informari,

256 1493 273 1523 ‘¹
296 1506 355 1553 vos
384 1485 576 1564 informetis,
608 1489 644 1550 ot
673 1485 839 1572 inquisita,
864 1485 893 1550 si
922 1505 1052 1551 neeesse
1075 1484 1184 1564 fuerit,
1209 1507 1308 1574 super

258 1597 276 1624 “
298 1589 484 1676 praemissis,
516 1588 545 1652 si
575 1607 703 1653 neeesse
732 1587 843 1667 fuerit,
874 1609 932 1675 per
961 1593 1203 1654 sacramentum
1232 1610 1306 1676 pro-

258 1701 275 1727 “
298 1691 416 1756 borum
431 1697 467 1758 et
481 1689 638 1778 legalium
653 1689 825 1756 hominum
840 1689 988 1776 ejusdem
999 1691 1157 1772 civitatis,
1173 1697 1307 1758 aaetems

258 1801 275 1831 “
298 1793 496 1881 pisoenarios
526 1792 618 1858 nulla
648 1789 810 1859 affinitate
838 1791 1029 1859 nullatenus
1058 1794 1305 1882 attingentium,

255 1904 274 1932 ‘¹
296 1895 347 1962 vel
381 1896 428 1962 eis
457 1895 569 1983 aliqua
590 1893 656 1962 alia
677 1915 775 1962 eausa
796 1899 1029 1982 sinpeotorum,
1060 1917 1119 1984 per
1149 1918 1231 1983 quos
1260 1897 1308 1962 rei

256 2006 274 2036 ¹‘
298 1998 420 2064 veritus
457 1997 494 2064 in
532 1996 708 2085 praemissis
745 1997 863 2063 molius
900 1996 975 2064 seiri
1011 1999 1143 2085 poterit,
1178 2000 1307 2086 plenius

257 2109 275 2136 “
299 2102 440 2168 veritato
466 2100 606 2167 ulterius
632 2105 703 2166 tem
729 2120 788 2188 pro
814 2099 909 2166 nobis
940 2120 1040 2187 quam
1069 2122 1129 2188 pro
1160 2102 1307 2168 utilitate

258 2211 275 2240 “
296 2203 444 2270 fidelium
469 2207 657 2269 nostrorum
682 2202 718 2268 in
742 2202 858 2270 eadem
885 2202 1022 2270 civitate
1045 2203 1247 2271 morantium
1273 2211 1306 2271 et

257 2315 275 2342 “
298 2305 342 2371 ud
357 2306 496 2372 eandem
518 2304 763 2387 oonfluentium,
787 2328 825 2371 ao
846 2306 960 2393 populi
982 2305 1128 2392 ejusdem
1150 2307 1305 2386 civitatis,

256 2419 275 2445 “
298 2431 395 2497 super
409 2407 585 2495 praemissis
607 2407 679 2474 fieri
703 2407 840 2490 fedatis,
863 2413 964 2496 prout
985 2409 1102 2476 melius
1122 2414 1158 2476 et
1171 2410 1307 2476 oiroum-

257 2521 275 2548 “
298 2512 442 2599 spectius
478 2509 631 2576 videritis
666 2509 859 2578 faciendum.
920 2510 1018 2578 Teste
1056 2512 1188 2600 meipso,
1219 2513 1308 2599 apud

257 2623 274 2652 “
299 2614 636 2692 westmonasterium,
668 2613 777 2701 primo
806 2614 860 2680 die
895 2612 1076 2694 Februarii,
1103 2636 1191 2682 unno
1214 2615 1307 2703 regni

258 2725 276 2756 “
299 2717 406 2784 nostri
428 2716 546 2784 xiiii⁰.”

302 2943 399 3024 Item,
423 2941 587 3009 Dominus
611 2941 684 3008 Rex
699 2941 875 3009 mandavit
897 2943 920 3009 J
924 2943 1098 3010 usticiariis
1120 2943 1187 3010 suis
1208 2944 1308 3011 breve

256 3069 360 3125 anum,
377 3047 414 3110 in
428 3045 500 3112 haee
510 3046 614 3111 verba
628 3070 682 3111 :—

303 3159 322 3185 “
337 3147 530 3229 Edwardus,
555 3147 618 3214 Dei
640 3147 757 3235 gratis,
773 3151 847 3229 eta,
862 3147 991 3215 dilectis
1014 3153 1049 3214 et
1063 3149 1216 3216 fidelibus
1231 3150 1306 3230 suis,
1321 3181 1426 3228 suosne

259 3260 276 3286 ‘⁴
300 3251 444 3317 Hervieo
474 3251 516 3315 oe
555 3249 742 3316 sannone
780 3255 816 3316 et
852 3251 948 3316 nun
985 3251 1061 3330 suu,
1108 3231 1450 3336 uaticinantium,

259 3352 534 3420 “itinerantibus
576 3352 665 3440 apud
702 3351 833 3418 'Iumim
866 3353 1119 3433 Londoniarum,
1159 3355 1306 3422 salutem.
1319 3333 1464 3439 ii'dffl‘iii'i

258 3465 275 3494 “
300 3456 389 3538 Quia
403 3456 505 3522 datur
519 3455 614 3521 nobis
628 3454 780 3543 intelligi,
798 3456 887 3542 quod
903 3457 1055 3543 quaedam
1071 3457 1306 3538 ordinationes,
1318 3395 1448 3538 {kiliae

258 3568 276 3596 ‘¹
293 3559 365 3646 jam
390 3559 431 3626 de
455 3579 543 3625 novo
566 3579 625 3646 per
655 3559 813 3646 quosdam
839 3559 1035 3646 pisoenarios
1061 3561 1102 3628 de
1128 3560 1308 3626 Londoniis
1319 3535 1435 3640 ilhinssli?

258 3670 276 3696 “
298 3663 387 3727 inter
416 3681 471 3728 eos
501 3681 599 3749 super
629 3659 821 3726 venditione
855 3661 1003 3748 pisoium,
1038 3668 1077 3729 ut
1107 3684 1165 3752 per
1191 3685 1309 3729 manus
1320 3636 1445 3682 'hum'

258 3773 275 3799 “
298 3785 373 3830 suas
398 3769 434 3830 et
457 3785 525 3830 non
549 3763 687 3829 oliorum
711 3763 819 3830 aurius
844 3764 1041 3845 vendantur,
1070 3767 1112 3832 ad
1142 3767 1307 3855 singulare

259 3867 482 3954 “proficuum
518 3887 631 3931 eorum
667 3871 702 3931 et
741 3886 913 3932 commune
943 3867 1152 3955 dispendium
1194 3868 1308 3957 populi

257 3977 275 4004 “
298 3969 444 4056 ejsudem
459 3967 607 4035 civitatis
632 3971 669 4034 et
690 3967 830 4034 aliorum
849 3970 893 4036 ad
913 3969 1037 4036 dietam
1062 3970 1232 4039 civitatem
1247 3994 1307 4059 pro

256 4080 274 4107 “
297 4070 497 4138 victualibus
521 4069 668 4136 emendis
693 4069 940 4150 oonfluentium,
957 4078 991 4139 et
1017 4072 1166 4140 fidelium
1181 4079 1309 4140 nostro·

255 4181 273 4212 ¹⁶
295 4196 370 4241 rum
393 4173 476 4239 inibi
502 4173 711 4253 morantium,
739 4194 798 4261 per
828 4173 1021 4242 collusiones
1048 4180 1083 4242 et
1107 4177 1308 4244 oonfoedora-

255 4277 404 4342 “tiones
434 4277 522 4342 inter
552 4296 607 4342 eos
643 4273 784 4357 habitas,
827 4281 907 4343 sunt
944 4278 1134 4344 eonstitutae
1174 4284 1209 4346 et
1250 4302 1310 4367 per

257 4385 276 4416 “
302 4383 507 4446 sacramenta
531 4378 699 4444 intereos
725 4375 917 4460 affirmatae3
955 4381 1108 4467 quodque
1140 4383 1308 4468 quendam

254 4489 272 4517 “
297 4479 439 4560 (iuriam,
468 4501 569 4567 quam
597 4486 719 4547 vooant
745 4479 964 4561 “Heluian”
985 4483 1076 4548 inter
1107 4504 1161 4548 eos
1191 4489 1308 4551 tenent

256 4591 356 4670 “pro
382 4582 556 4649 voluntate
582 4602 650 4661 sua,
666 4582 704 4647 in
730 4603 797 4669 qua
820 4582 1009 4669 hujusmodi
1034 4583 1257 4652 ordinationes
1272 4592 1307 4653 et

256 4691 273 4722 “
296 4683 589 4751 eonfoederationes
629 4684 788 4751 haetenus
829 4684 983 4765 feoerunt,
1014 4707 1074 4773 pro
1118 4685 1307 4775 hujusmodi

257 4787 565 4854 “ordinationibus
592 4787 726 4867 illicitis,
757 4809 815 4876 per
843 4787 931 4876 ipsos
961 4787 1003 4854 de
1028 4810 1117 4856 novo
1146 4789 1242 4856 saetis
1271 4796 1307 4857 et
