3600 5822
349 881 391 944 12
408 894 492 945 unu.
506 877 559 969 11.]
599 892 763 945 snrrcnrs
786 893 970 944 coucnmu)
993 893 1039 944 ur
1062 893 1210 946 nnwrnn
1233 895 1269 944 n
1331 879 1395 946 269

347 1083 365 1113 “
388 1077 447 1164 qui
469 1101 530 1166 pro
554 1085 702 1166 tempore
726 1085 833 1159 crunt,
858 1077 979 1144 habent
1010 1076 1075 1142 nisi
1102 1076 1185 1141 duos
1209 1076 1340 1142 clericos
1364 1079 1398 1140 et

348 1187 365 1214 “
388 1181 471 1247 duos
501 1181 690 1260 servientes,
713 1181 842 1248 ratione
872 1179 971 1247 officii
1001 1180 1111 1258 illius;
1138 1183 1173 1245 et
1195 1178 1285 1265 quod
1315 1177 1398 1243 tales

348 1287 367 1318 “
390 1282 520 1349 clericos
543 1289 577 1350 et
598 1283 778 1349 servientes
801 1281 866 1349 sibi
890 1303 951 1348 suo
972 1281 1118 1368 periculo
1141 1285 1321 1358 assument,
1338 1299 1397 1367 pro

346 1389 364 1418 “
389 1385 507 1470 quibus
530 1385 696 1452 voluerint
718 1384 920 1472 respondere.
952 1384 997 1450 Et
1021 1382 1108 1470 quod
1125 1383 1234 1471 Major
1249 1382 1397 1449 civitatis

347 1493 366 1523 ‘⁶
389 1487 563 1574 prccdictae,
588 1488 668 1553 dum
701 1487 809 1574 Major
842 1486 950 1564 fuerit,
978 1508 1045 1551 non
1068 1485 1190 1552 habent
1215 1485 1306 1551 aliud
1329 1483 1397 1550 offi-

349 1595 366 1625 “
389 1589 476 1655 cium
499 1590 542 1654 cd
565 1589 737 1656 civitatem
754 1589 846 1654 illam
870 1593 1021 1675 spectans
1037 1609 1136 1674 quam
1160 1587 1301 1654 officium
1325 1587 1397 1652 Mn-

347 1690 398 1727 u·
440 1693 447 1707 ·
507 1692 514 1707 ·
576 1692 584 1706 ·
718 1713 724 1729 ,
852 1691 859 1706 ·
888 1691 895 1706 ’
1328 1689 1336 1705 ·

348 1799 366 1828 ι«
382 1697 533 1872 llll?
548 1691 725 1882 {lull
739 1685 1398 1860 ttllllllltllllultss

348 1903 365 1929 ‘⁴
388 1895 486 1974 illius,
506 1917 566 1962 nec
592 1896 658 1961 elis
679 1895 802 1982 placita
817 1915 918 1980 quern
932 1893 991 1959 illc
1011 1913 1085 1980 quae
1109 1893 1289 1960 secundm
1311 1893 1399 1959 anti-

347 2003 365 2033 “
388 2019 488 2082 quum
503 1997 772 2064 consuetudinem
787 1995 935 2062 civitatis
956 1995 1125 2082 pmdictae
1139 2000 1300 2082 tanquam
1328 1995 1399 2060 Me-

347 2105 366 2135 “
384 2099 440 2184 jor
454 2105 575 2165 tenere·
590 2100 699 2166 debet.
733 2099 779 2164 Et
794 2097 884 2184 quod
898 2097 1120 2163 Aldermanni
1135 2098 1284 2164 civitatis
1307 2097 1398 2163 illius

349 2206 366 2236 ‘⁴
389 2201 431 2265 de
453 2222 541 2265 anno
567 2202 604 2267 in
627 2222 759 2280 cunum,
784 2205 819 2266 et
841 2199 1006 2287 praecipue
1032 2199 1086 2265 die
1110 2199 1224 2266 Sancti
1248 2200 1397 2288 Gregorii

349 2311 367 2337 “
390 2302 499 2388 Papae,
531 2303 600 2369 sint
626 2303 789 2382 curobiles,
814 2307 848 2368 et
882 2302 986 2368 amoti
1026 2323 1113 2367 enno
1149 2302 1299 2388 sequenti
1329 2324 1397 2368 non

348 2410 366 2441 “
389 2404 613 2492 reeligentur;
637 2406 694 2471 sed
716 2406 786 2472 loco
801 2406 848 2471 sic
866 2409 1062 2484 amotorum,
1079 2404 1137 2470 alii
1152 2405 1323 2492 eligantur
1336 2427 1395 2492 per

348 2513 366 2543 “
390 2507 520 2572 easdem
537 2506 662 2573 (lendes
677 2508 718 2574 de
733 2507 855 2594 quibus
870 2505 917 2572 sic
932 2506 1037 2572 amoti
1060 2507 1152 2593 prius
1174 2506 1396 2573 Aldermanni

349 2615 368 2644 ‘¹
389 2608 531 2675 fuerunt
579 2609 625 2675 Et
648 2610 737 2697 quod
761 2609 897 2696 tellegia
919 2608 974 2674 vel
997 2607 1124 2674 auxilia
1150 2608 1193 2675 ud
1217 2631 1299 2696 opus
1322 2631 1396 2675 nos-

347 2719 365 2744 “
388 2716 487 2790 trum,
504 2710 559 2777 vel
578 2711 750 2778 haeredum
767 2716 966 2788 nostrorum,
990 2731 1048 2776 seu
1071 2732 1131 2797 pro
1146 2715 1237 2777 statu
1253 2716 1288 2777 et
1310 2733 1397 2778 com-

347 2820 365 2846 “
389 2814 486 2880 modo
500 2813 647 2880 civitatis
669 2813 844 2900 praedictae,
861 2835 904 2878 ex
927 2813 1067 2879 nuncin
1081 2812 1195 2879 eudem
1216 2814 1396 2893 assidenda,

348 2923 365 2949 “
388 2920 561 3002 postquam
579 2936 638 3002 per
660 2915 809 2981 homines
824 2915 1010 2980 (lardarum
1037 2914 1166 2982 adhoc
1192 2916 1310 2984 electos
1340 2939 1395 2982 seu

348 3023 366 3052 '‘
389 3017 565 3102 deputatos
579 3038 703 3082 essessa
717 3015 850 3096 fuerint,
875 3038 934 3104 per
951 3015 1119 3104 Majorem,
1144 3017 1395 3099 Aldermannos,

348 3123 367 3154 “
390 3139 448 3182 sen
475 3119 568 3197 alios,
593 3140 661 3184 nou
678 3124 936 3205 augmententur
961 3139 1022 3184 nec
1045 3120 1246 3199 exaltentur,
1274 3119 1339 3186 nisi
1356 3121 1395 3186 de

350 3229 367 3253 “
390 3221 556 3286 communi
571 3241 729 3286 consensu
755 3220 891 3306 Majoris
912 3226 948 3287 et
965 3220 1214 3286 communitatis
1228 3222 1396 3308 praedictae

346 3329 365 3355 “
387 3321 554 3386 civitatis:
591 3327 626 3387 ct
655 3323 745 3408 quod
783 3321 912 3388 denarii
952 3322 993 3388 de
1033 3321 1221 3407 hujusmodi
1251 3321 1396 3410 tollagiis

348 3431 366 3456 “
389 3429 424 3489 et
451 3423 586 3489 auxiliis
627 3425 866 3511 provenientes,
898 3425 934 3488 in
964 3424 1113 3490 custodis
1152 3429 1296 3509 quatuor
1321 3447 1395 3512 pro-

348 3533 365 3560 “
387 3525 506 3590 borum
542 3525 722 3606 hominum,
763 3526 1086 3592 Communiariorum
1123 3525 1271 3592 civitatis
1313 3549 1395 3613 prae-

348 3635 365 3663 “
389 3627 494 3708 dictae,
522 3650 582 3716 per
611 3629 884 3696 communitatem
911 3627 1060 3714 ejusdem
1095 3627 1242 3694 civitatis
1267 3629 1310 3694 cd
1335 3630 1397 3696 hoc

346 3735 365 3764 “
387 3730 619 3816 eligendorum,
650 3730 841 3812 liberentur,
864 3752 924 3818 per
953 3730 1180 3798 testimonium
1219 3732 1395 3797 eorundem

346 3839 364 3866 ‘⁴
387 3837 530 3918 quatuor
583 3832 757 3898 hominum
802 3833 941 3898 ulterius
986 3832 1172 3914 libcrandi;
1220 3833 1270 3900 ite
1309 3835 1397 3919 quod

347 3942 365 3968 ‘¹
387 3933 488 3999 iidem
528 3939 672 4021 quatuor
703 3935 853 4001 homines
887 3937 1159 4002 communitatem
1204 3936 1396 4023 praedictam

344 4042 363 4071 “
387 4036 430 4100 ad
453 4035 541 4122 quod
571 4036 779 4102 commodum
809 4042 843 4102 et
863 4059 943 4123 quos
974 4059 1053 4104 usus
1076 4037 1203 4104 denarii
1222 4038 1271 4102 illi
1297 4039 1396 4105 deve·

345 4143 364 4174 “
387 4138 507 4218 norint,
523 4139 657 4205 valeant
685 4137 869 4206 informare
916 4140 962 4206 Et
984 4140 1071 4226 quod
1087 4142 1199 4206 nullus
1213 4141 1397 4229 alienigena

346 4249 363 4274 “
388 4239 423 4305 in
457 4240 647 4306 libertatern
690 4241 837 4308 civitatis
881 4242 1050 4329 praedictae
1087 4243 1294 4326 admittetur,
1332 4244 1396 4308 nisi

345 4349 364 4376 “
387 4342 423 4406 in
439 4342 622 4430 Hustengo.
668 4343 713 4408 Et
729 4343 818 4430 quod
834 4344 998 4431 indigena,
1015 4349 1050 4410 et
1065 4345 1227 4432 praecipue
1238 4345 1396 4432 Anglicus

347 4451 365 4478 “
388 4449 557 4525 menator,
584 4445 625 4511 de
656 4450 745 4511 certo
777 4451 918 4513 mestero
944 4446 998 4512 vel
1021 4443 1127 4512 officio
1149 4447 1186 4511 in
1207 4446 1396 4514 libertatem

345 4545 538 4612 “civitatis
565 4547 733 4633 praedictae
765 4569 833 4613 non
865 4547 1075 4628 admittetur,
1099 4547 1166 4614 uisi
1192 4570 1252 4635 per
1278 4571 1394 4615 manu-

345 4647 572 4734 “captionem
605 4670 664 4714 sex
695 4647 866 4715 hominum
892 4649 1069 4736 proborum
1093 4655 1128 4716 et
1153 4649 1395 4732 sufficientium,

232 4745 235 4752 ’
347 4755 364 4785 “
388 4750 429 4816 de
453 4756 596 4818 mestero
620 4749 674 4818 vel
697 4750 802 4820 officio
825 4751 866 4817 de
889 4772 954 4839 quo
980 4750 1037 4818 ille
1062 4752 1128 4820 erit
1150 4753 1208 4840 qui
1238 4753 1275 4819 in
1296 4754 1395 4821 liber-
