3648 5816
461 866 504 938 76
800 883 903 934 araas
925 882 1170 934 ousrurrsaurr.
1323 861 1477 948 [itanu.
1490 887 1511 935 1.

506 1065 571 1144 Qui
595 1071 830 1144 concesserunt,
846 1087 907 1154 pro
929 1087 963 1131 se
978 1070 1013 1132 et
1028 1070 1101 1132 iota
1127 1064 1372 1143 communitate,
1389 1063 1512 1150 viginti

460 1188 560 1252 equos
575 1173 751 1254 coopertos,
778 1190 852 1234 curn
876 1169 1088 1256 pertinentiis
1111 1169 1187 1248 suis,
1204 1168 1246 1233 ad
1268 1169 1414 1232 eundum
1436 1187 1511 1232 oum

460 1268 574 1336 eodem
590 1269 734 1336 Domino
757 1270 932 1351 Eduardo,
956 1271 1026 1338 filio
1041 1271 1178 1336 Domini
1201 1269 1310 1357 Regis,
1331 1269 1375 1334 ad
1395 1274 1512 1356 portus

459 1372 568 1450 maris,
607 1376 642 1438 et
675 1395 784 1439 secum
823 1379 1088 1455 commoraturos,
1114 1373 1151 1438 in
1188 1373 1350 1438 armiliam
1384 1391 1511 1458 guerrae

460 1473 595 1539 Domini
639 1475 746 1562 Regis,
779 1497 839 1562 per
885 1480 1028 1562 quatuor
1064 1475 1286 1563 septimanas:
1333 1475 1383 1540 ita
1422 1473 1510 1559 quod

459 1575 600 1662 quilibet
614 1576 836 1662 equitantium
860 1579 1020 1664 reciperet
1046 1583 1081 1643 et
1103 1577 1250 1658 haberet,
1275 1597 1334 1665 pro
1357 1575 1510 1664 expensis

459 1679 535 1756 suis,
552 1701 610 1767 per
632 1679 760 1747 dietum
776 1685 917 1768 tempus,
940 1680 1063 1766 viginti
1079 1702 1228 1759 marcss3
1251 1683 1286 1744 et
1308 1680 1397 1765 quod
1420 1679 1509 1745 dicta

458 1781 597 1867 pecunia
619 1781 827 1870 colligeretur
842 1783 879 1848 in
893 1783 1042 1869 qualibet
1059 1783 1203 1865 Warda;
1226 1782 1391 1862 videlieet,
1408 1784 1509 1849 tertia

457 1904 533 1969 pars
555 1883 687 1971 septimi
710 1884 836 1950 denarii
859 1885 1001 1951 Domino
1026 1885 1109 1972 Regi
1135 1884 1283 1952 concessi.

457 2220 559 2290 Breve
569 2221 673 2310 Regis
687 2220 835 2290 missam
853 2220 1031 2310 praedictis
1043 2221 1182 2302 civibus,
1199 2228 1272 2310 post
1285 2222 1508 2311 receptionem

546 2325 760 2394 Litteras-ana
782 2347 869 2413 quos
890 2325 1001 2394 iidem
1024 2325 1110 2394 aives
1133 2325 1243 2394 eidem
1256 2326 1407 2394 Domino
1423 2327 1508 2414 limi

544 2429 651 2515 prius
672 2430 850 2497 miserant.

289 2621 455 2728 ffi'fltgo·
505 2635 523 2664 “
546 2628 739 2709 Edwardus,
779 2630 844 2696 Dei
882 2629 999 2719 gratia,
1044 2629 1117 2698 Rex
1159 2631 1300 2720 Angliae,
1328 2637 1396 2711 ete,
1428 2631 1507 2698 civi-

290 2725 432 2831 Qlffnh,
460 2738 479 2766 “
502 2733 563 2799 bus
586 2740 620 2800 et
643 2734 756 2821 probis
778 2732 966 2801 hominibus
989 2733 1137 2800 civitatis
1166 2739 1289 2802 nostrae
1321 2735 1507 2802 Londonia

288 2827 390 2875 ΜΝ
458 2840 478 2870 “
500 2857 582 2914 rum,
596 2836 756 2916 salutem.
811 2835 964 2925 Reoeptis
999 2835 1121 2903 litteris
1145 2838 1264 2904 vestris
1298 2861 1380 2926 quas
1410 2838 1506 2905 nobis

459 2944 478 2974 “
499 2939 619 3018 ultimo
665 2938 866 3021 destinastis,
906 2945 1021 3006 tenore
1059 2939 1291 3028 perpendimus
1327 2941 1505 3008 earundem

457 3047 476 3077 “
499 3041 649 3128 qualiter,
675 3040 717 3107 ob
733 3040 956 3108 defensionem
981 3043 1076 3130 regni
1100 3043 1216 3125 nostri,
1240 3043 1506 3131 desideriumque

456 3152 475 3178 “
497 3150 647 3210 nostrum
669 3143 928 3232 adimplendum,
951 3149 1124 3232 gratanter
1149 3149 1184 3212 et
1207 3147 1405 3212 naturaliter
1426 3169 1506 3235 gen·

456 3253 475 3283 “
498 3252 549 3313 tes
579 3251 706 3313 vestras
738 3247 781 3312 ad
811 3253 972 3312 eosteram
1003 3247 1111 3328 maris,
1137 3269 1212 3314 cum
1235 3247 1412 3329 Edwards,
1434 3251 1504 3316 filio

455 3357 474 3384 “
496 3353 608 3415 nostro
632 3349 808 3427 carissimo,
832 3354 867 3415 et
888 3349 978 3432 alibi,
1003 3350 1039 3414 in
1071 3348 1229 3438 obsequio
1260 3357 1374 3418 nostro
1396 3357 1504 3418 trans·

455 3459 473 3486 “
495 3452 638 3518 misistis
693 3451 793 3518 Unde
814 3453 910 3518 vobis
931 3453 1051 3518 scimus
1072 3457 1190 3540 gratas,
1215 3458 1250 3519 et
1281 3455 1502 3541 regratiamur

453 3558 472 3588 “
495 3576 569 3620 cum
591 3554 711 3620 effectu
723 3579 731 3636 ;
754 3560 908 3641 rogantes
931 3555 1090 3640 quatinus
1122 3555 1372 3643 gratitudinem,
1403 3578 1504 3642 quam

454 3665 472 3691 “
494 3656 530 3721 in
553 3656 617 3722 hiis
651 3662 685 3722 et
717 3657 790 3722 aliis
823 3679 901 3744 erga
932 3679 992 3723 nos
1014 3658 1175 3726 haetenus
1201 3659 1401 3738 ostendistis,
1426 3681 1502 3725 oon·

454 3767 472 3794 ¹‘
493 3758 624 3824 tinuare
661 3759 774 3826 velitis
811 3758 849 3825 in
888 3765 1066 3847 posterum,
1106 3765 1140 3826 et
1180 3761 1307 3849 opibus,
1347 3762 1502 3848 quotiens

453 3867 472 3897 “
494 3883 623 3929 neeesse
644 3860 805 3939 videritis,
829 3860 1001 3928 declarare.
1048 3861 1225 3946 Caeterum,
1249 3885 1323 3930 eum
1347 3865 1388 3930 de
1410 3869 1503 3930 statu

453 3965 701 4051 “quorundam
739 3963 1007 4052 alienigenarum,
1031 3965 1067 4032 in
1097 3971 1214 4032 nostra
1239 3965 1376 4032 civitate
1414 3989 1499 4054 prae⁴

453 4074 471 4102 “
494 4067 583 4133 diota
621 4067 903 4147 commorantium,
929 4067 1114 4134 formidetis
1145 4068 1307 4146 ordinare,
1331 4090 1501 4156 quousque

452 4176 470 4204 “
492 4175 641 4237 nostrum
680 4182 778 4257 super
810 4170 873 4236 hoc
906 4170 1102 4236 mandatum
1140 4171 1328 4259 reoeperitis
1350 4171 1501 4258 speciale,

424 4278 469 4307 '“
491 4276 591 4359 prout
618 4271 716 4337 nobis
764 4271 975 4350 enuntiastis,
1013 4273 1109 4339 vobis
1146 4273 1355 4362 injungimus
1386 4279 1502 4342 tenore

451 4379 470 4409 “
492 4373 713 4461 praesentium,
738 4377 772 4440 at
794 4372 999 4456 mandamus,
1022 4375 1112 4461 quod
1134 4399 1192 4463 per
1214 4376 1445 4442 discretionem
1467 4381 1502 4444 et

451 4481 470 4512 “
492 4475 664 4543 consilium
687 4475 883 4542 dilectorum
902 4481 937 4543 et
959 4476 1108 4544 fidelium
1123 4484 1320 4560 nostrorum,
1335 4478 1360 4544 J
1361 4479 1501 4546 ohannis

451 4584 469 4614 “
492 4576 532 4644 de
556 4578 774 4666 Metingham,
806 4578 971 4645 Johannis
1004 4580 1037 4646 le
1074 4580 1233 4664 Bretoun,
1266 4580 1431 4662 Custodia,
1464 4587 1500 4648 et

449 4689 468 4716 “
491 4679 659 4767 Radulphi
681 4680 722 4746 de
744 4681 926 4760 Sendwico,
944 4683 1190 4750 Constabularii
1217 4685 1332 4751 Turris
1354 4683 1500 4750 civitatis

450 4789 468 4817 “
490 4786 613 4850 nostra
648 4782 824 4870 praedictae,
858 4785 979 4871 quibus
1011 4785 1227 4854 consimiliter
1260 4786 1498 4869 mandavimus,
