3624 5824
447 883 512 948 160
790 898 893 950 nmen
916 896 1163 949 cusrununuu
1289 879 1491 970 [291snm1.

446 1081 659 1147 “hortemur
689 1085 826 1158 attente,
857 1103 916 1168 per
945 1080 1137 1169 Apostolice
1173 1079 1304 1168 scriptu,
1336 1081 1431 1148 vobis
1460 1081 1495 1146 in

447 1191 466 1219 “
489 1183 615 1249 virtute
645 1182 839 1248 obedientie
870 1183 1053 1248 districtius
1078 1183 1298 1272 injungentes,
1329 1183 1494 1269 quatinus,

447 1285 525 1350 “in
551 1283 710 1350 Kalendis
737 1283 937 1350 Novembris
960 1285 1111 1370 proximo
1138 1283 1269 1364 futuris,
1296 1305 1378 1371 ques
1401 1285 1496 1351 vobis

445 1395 464 1426 “
487 1406 546 1474 pro
570 1386 789 1474 peremptorio
815 1386 957 1452 termino
981 1386 1195 1472 assignamus,
1211 1385 1366 1452 instructi
1387 1390 1423 1451 et
1445 1384 1495 1450 in-

447 1495 465 1524 “
486 1487 619 1554 formati
645 1511 743 1576 super
766 1488 950 1574 preemissis,
974 1493 1010 1554 et
1035 1487 1109 1553 aliis
1131 1509 1229 1574 super
1251 1486 1371 1574 quibus
1394 1487 1495 1552 infor·

447 1595 466 1627 “
488 1591 667 1656 mationem
693 1595 728 1656 et
753 1589 1005 1656 instructionem
1031 1593 1177 1655 vestram
1203 1589 1354 1655 videritis
1377 1610 1496 1676 oppor-

447 1697 466 1732 “
488 1697 614 1770 tunam,
630 1712 698 1770 vos,
715 1691 835 1757 fratres
858 1690 1106 1779 Archiepiscopi
1127 1702 1163 1757 et
1186 1690 1350 1778 Episcopi,
1366 1711 1496 1757 necnon

447 1801 465 1828 “
488 1794 591 1871 electi,
626 1792 790 1872 Doctores,
815 1798 849 1859 et
880 1793 1042 1880 Magistri,
1073 1793 1296 1880 personaliter,
1326 1813 1387 1858 vos
1416 1813 1495 1857 vero

446 1902 466 1934 “
490 1896 651 1983 Capitulis,
661 1918 719 1983 per
730 1895 960 1962 Procuratores
974 1895 1108 1962 idoneos
1123 1918 1198 1961 cum
1213 1893 1388 1961 sufficienti
1402 1915 1495 1959 men-

446 2004 466 2036 “
488 1999 576 2079 dcto,
606 2002 643 2065 et
671 1998 865 2064 informatos
896 1997 1035 2085 plenius,
1069 2003 1183 2064 nostro
1214 2019 1274 2064 vos
1307 1997 1496 2083 conspectui

446 2106 466 2138 “
486 2099 712 2188 proesentetis;
734 2105 773 2168 ut
794 2121 893 2186 super
914 2099 1092 2186 praemissis
1114 2104 1150 2165 et
1171 2121 1211 2166 ee
1226 2099 1494 2186 contingentibus

445 2208 465 2240 “
487 2208 597 2268 vestre
625 2202 787 2288 possimus
817 2201 939 2267 hebere
969 2201 1114 2281 consilio,
1145 2202 1203 2288 qui
1235 2201 1324 2288 apud
1354 2200 1494 2266 eundem

448 2304 614 2391 “Regem
642 2303 825 2391 suspicione
855 2302 980 2384 caretis,
1011 2308 1047 2369 et
1075 2302 1140 2368 sibi
1170 2308 1205 2369 et
1233 2323 1335 2390 regno
1371 2302 1496 2390 accepti

447 2407 567 2471 “estis
592 2410 627 2471 et
649 2405 747 2493 greti,
772 2411 807 2472 et
832 2402 1028 2492 'diligentes
1052 2405 1162 2490 ipsum
1192 2403 1336 2492 Regem3
1368 2425 1496 2470 necnon

448 2515 466 2544 “
489 2512 640 2588 tractare,
664 2505 814 2594 dirigere,
838 2511 992 2584 statuere,
1016 2506 1197 2593 procedere,
1214 2506 1328 2587 fecere,
1352 2511 1388 2573 et
1411 2505 1497 2572 ordi-

447 2615 467 2646 “
489 2631 577 2688 nere,
595 2631 669 2695 quae
692 2609 733 2674 cd
759 2608 917 2674 honorem
940 2608 1005 2674 Dei
1019 2612 1055 2674 et
1076 2609 1275 2696 Apostolicoe
1298 2607 1401 2686 Sedis,
1417 2631 1494 2695 eug-

448 2718 466 2748 “
489 2715 640 2776 mentum
663 2709 844 2778 Catholicae
866 2710 953 2790 fidei,
969 2710 1251 2776 conservationem
1273 2710 1495 2776 ecclesiasticae

449 2817 469 2849 “
492 2811 665 2891 libertatis,
693 2817 727 2877 et
746 2809 1035 2878 ’reformationem
1060 2811 1161 2900 Regis
1183 2816 1218 2878 et
1240 2811 1343 2900 regni,
1367 2817 1403 2878 et
1426 2833 1495 2878 cor·

448 2921 467 2950 “
488 2915 667 2980 rectionem
682 2914 927 3002 praeteritorum
943 2936 1143 2996 excessuum,
1160 2919 1195 2980 et
1209 2914 1334 2980 bonum
1349 2914 1497 3002 regimen

448 3017 584 3104 “regni
621 3016 777 3104 ejusdem,
813 3016 995 3082 viderimus
1033 3015 1198 3103 expedire.
1260 3015 1331 3082 Nos
1359 3014 1495 3082 ⁸temen

447 3119 552 3207 “ipsi
575 3119 659 3206 Regi
689 3140 748 3206 per
777 3123 908 3185 nostras
934 3118 1015 3184 eliae
1044 3117 1326 3206 ⁴significavimus
1356 3117 1493 3196 litteras,

448 3229 467 3258 “
489 3227 529 3287 ut
550 3221 580 3286 si
602 3243 672 3287 rem
695 3242 789 3286 suam
812 3220 867 3307 egi
890 3215 1091 3307 ⁶puteverct
1112 3221 1149 3286 in
1170 3220 1357 3307 praemissis,
1373 3241 1496 3306 sueque

448 3323 664 3389 “crediderit
693 3322 859 3404 interesse,
885 3343 944 3408 per
973 3344 1016 3401 se,
1040 3321 1095 3388 vel
1124 3344 1183 3410 per
1204 3321 1317 3387 fideles
1343 3322 1433 3390 viros
1461 3328 1496 3388 et

447 3429 465 3463 ‘¹
487 3424 650 3512 providos,
683 3445 751 3491 suae
775 3423 920 3490 conscios
949 3423 1143 3504 voluntatis,
1175 3447 1213 3490 ec
1242 3423 1422 3511 diligenter
1446 3425 1495 3490 in-

446 3532 466 3564 “
488 3531 632 3592 structos
658 3547 732 3592 cum
755 3523 930 3592 sufficienti
945 3526 1111 3606 mandato,
1135 3547 1244 3593 eorem
1268 3526 1364 3592 nobis
1385 3527 1494 3613 possit,

447 3629 518 3693 “si
541 3629 633 3708 velit,
657 3629 771 3694 eodem
801 3626 944 3694 termino
976 3649 1182 3715 comparere3
1216 3629 1364 3716 alioquin
1393 3649 1494 3708 suem,

446 3730 542 3796 “vel
571 3730 712 3810 illorum,
741 3737 802 3796 aut
830 3731 933 3796 etiem
962 3736 1116 3812 vestram,
1147 3730 1339 3808 absentiam,
1374 3730 1497 3796 Divina

446 3837 467 3870 “
489 3833 636 3919 replente
650 3829 850 3919 ⁶praesentie
863 3833 900 3898 in
914 3833 1100 3920 praemissis,
1116 3837 1150 3898 et
1165 3853 1205 3898 ee
1219 3833 1497 3920 contingentibus,

447 3940 466 3972 “
488 3941 523 4002 et
548 3935 632 4016 aliie,
652 3939 752 4021 prout
782 3934 883 4000 fuerit
913 3935 1009 4001 nobis
1035 3935 1261 4001 ministratum
1291 3955 1312 3999 o
1341 3935 1495 4013 Domino,

446 4043 466 4075 “
488 4041 522 4104 et
536 4035 691 4124 expedire
706 4036 895 4116 viderimus,
912 4033 1150 4123 'procedemue
1194 4035 1263 4103 Vos
1277 4042 1388 4103 eutem
1403 4057 1496 4101 men-

446 4145 466 4176 “
488 4138 577 4206 detis
591 4138 714 4206 nostris
728 4138 765 4204 in
778 4138 840 4205 hec
862 4143 956 4226 perte
977 4139 1091 4206 taliter
1112 4138 1246 4206 obedire
1260 4139 1390 4221 curetis,
1407 4138 1496 4226 quod

481 4554 569 4606 'VR
581 4551 690 4622 diligite.

481 4632 570 4684 'VR
599 4634 793 4698 reformationes
825 4635 901 4702 regri,
929 4645 953 4688 et
1026 4637 1037 4668 ⁸

449 4710 708 4842 econ
