3600 5822
465 895 530 964 292
776 909 880 963 menn
900 907 1146 962 cussumuu

464 1101 577 1163 menis
601 1095 768 1185 deulphi
792 1097 832 1163 de
861 1096 896 1162 la
921 1096 1022 1162 Mors
1084 1093 1148 1158 Pro
1174 1092 1302 1160 Thomu
1323 1091 1398 1157 Box
1420 1113 1519 1158 nemo

464 1198 649 1285 respondet,
673 1221 733 1266 neo
754 1199 857 1266 scitur
879 1197 987 1264 adhue
1010 1195 1083 1282 quis
1105 1201 1199 1261 tenet
1222 1199 1421 1261 tenemento.

510 1299 569 1366 IX
593 1299 779 1366 willelmus
801 1300 842 1366 de
866 1299 1049 1378 Fsmdons
1074 1297 1257 1364 Nieholsns
1280 1297 1321 1363 de
1337 1297 1517 1383 Wyntone.

508 1403 548 1470 X
572 1401 758 1469 Willelmus
779 1403 811 1468 le
834 1401 1034 1488 Mezelyner,
1059 1400 1222 1467 Riesrdus
1245 1400 1286 1466 de
1309 1399 1517 1487 Chigewelle.

508 1505 579 1572 Isin
594 1527 681 1571 enno
696 1505 835 1594 pistores
850 1503 1099 1570 Londoniorum
1114 1503 1220 1591 primo
1236 1503 1372 1570 fuerunt
1383 1503 1518 1568 tractati

462 1629 560 1695 super
590 1607 698 1685 elsiss,
731 1629 790 1694 per
812 1607 996 1672 Henrionm
1028 1605 1058 1672 le
1090 1605 1223 1685 Wnleis,
1256 1604 1441 1692 Majorem3
1481 1611 1516 1671 11

462 1710 597 1776 bladum
620 1711 727 1798 primo
749 1709 976 1797 ponderatum.

507 1812 568 1878 XI.
590 1812 784 1900 deulphus
805 1812 837 1878 le
860 1810 1000 1889 Blound,
1024 1810 1230 1896 Ankeiynus
1252 1809 1294 1875 de
1316 1809 1485 1876 Beteville.

508 1914 674 1981 Hem-icus
696 1915 727 1980 11
741 1913 884 1999 Wsleys,
900 1913 943 1978 M
941 1913 1026 1998 ajon
1075 1911 1265 2000 Stephanus
1281 1911 1322 1978 de
1339 1911 1518 1979 Cornhulle

463 2018 571 2105 primo
592 2017 661 2082 fuis
686 2015 809 2082 electus
837 2015 1032 2094 Vennones,
1061 2015 1119 2081 sed
1141 2037 1202 2102 per
1224 2036 1336 2102 preoee
1360 2013 1461 2102 Regis
1479 2021 1514 2080 11

465 2119 601 2206 Reginos
616 2118 808 2185 Ankeiinus
823 2117 864 2183 de
889 2117 1049 2184 Beieville
1071 2117 1143 2183 looo
1165 2116 1303 2202 ejus'esi
1317 2123 1514 2205 assumptus.

508 2222 589 2288 XII.
612 2222 782 2288 Iohannes
806 2219 972 2307 Godehep,
996 2219 1163 2286 Martinus
1186 2219 1268 2287 Box.

508 2324 611 2392 XIII.
635 2325 824 2412 Stephanus
846 2325 888 2389 de
911 2321 1095 2402 Cornhulle,
1114 2321 1279 2388 Robertus
1302 2323 1342 2388 ds
1366 2321 1516 2388 Rokesle.

509 2426 685 2515 Gmgorius
709 2427 749 2493 de
773 2424 923 2504 Rokesle,
946 2423 1068 2510 Major,
1084 2445 1187 2510 nsque
1210 2424 1253 2490 nd
1275 2424 1364 2490 diem
1380 2423 1519 2490 Veneris

463 2530 606 2596 infesto
628 2528 862 2616 Apostolorum
885 2526 978 2593 Petri
1008 2531 1045 2592 11
1076 2526 1195 2609 Ρ11111;
1226 2531 1261 2592 ei
1283 2549 1322 2593 eo
1345 2525 1398 2592 die
1420 2533 1518 2614 captu

464 2636 514 2697 est
529 2629 648 2695 civitas
670 2631 708 2694 in
729 2651 847 2694 manus
871 2627 979 2716 Regis.

508 2731 628 2797 XIIII.
653 2730 820 2796 Wolterus
842 2729 873 2797 le
896 2729 1029 2810 Blouni,
1053 2729 1225 2797 Johannes
1247 2729 1364 2798 Wsde.

486 2915 487 2920 ἵ
508 2833 581 2900 XV.
604 2833 746 2900 Thomas
769 2832 902 2912 Croshe,
926 2831 1095 2899 Wolterus
1118 2832 1289 2920 Huuteyn

509 2936 601 3003 XVI.
624 2935 811 3002 Willelmus
834 2935 875 3001 de
898 2935 1090 3014 Hereforde,
1115 2935 1257 3000 Thomas
1279 2936 1320 3002 de
1343 2935 1468 3002 Stunes

509 3039 621 3106 XVII.
645 3037 831 3104 Willelmus
848 3038 889 3104 de
904 3037 1074 3124 Betoigne,
1087 3037 1111 3102 J
1112 3037 1258 3102 ohannes
1273 3038 1314 3104 de
1326 3036 1516 3106 Cuninsria.

510 3141 703 3230 Rodulphus
725 3142 766 3207 ds
789 3139 975 3219 Sandwieo,
1001 3138 1129 3206 Omns.
1176 3139 1303 3206 Eodem
1325 3163 1421 3220 anno,
1437 3147 1516 3207 snio

463 3245 585 3312 festum
608 3243 852 3310 Purifiestionis
875 3243 990 3308 Besiae
1014 3241 1136 3320 Msriae,
1161 3241 1339 3328 praedioius
1354 3243 1517 3309 Dominus

464 3347 659 3435 Redulphus
682 3345 851 3434 depositus
875 3345 916 3411 de
940 3342 1193 3410 Consisbulsrie
1215 3343 1328 3409 Turris
1351 3345 1518 3411 Londoni·

463 3455 617 3529 ammei
638 3449 709 3516 loeo
732 3448 802 3534 ejus
826 3445 1020 3534 deulphus
1042 3447 1083 3511 de
1099 3445 1248 3526 Bernors,
1266 3447 1370 3512 Miles
1418 3447 1514 3527 Item,

463 3553 517 3619 die
547 3553 650 3618 Lunse
680 3551 829 3638 proximo
861 3554 935 3636 post
966 3548 1089 3614 festum
1123 3547 1369 3614 Purifiouiionis
1402 3549 1516 3616 Beetae

464 3653 586 3734 11111111,
610 3653 788 3741 praedietus
813 3650 1010 3737 Rndulphus
1037 3651 1077 3716 de
1102 3651 1242 3718 Berneun
1268 3658 1399 3718 amotus
1422 3659 1473 3718 esi
1495 3677 1517 3718 a

462 3755 611 3822 custodis
639 3753 785 3820 civitatis
816 3751 1074 3833 Londonisrum,
1098 3757 1133 3818 et
1154 3752 1226 3819 loco
1255 3754 1327 3840 ejus
1352 3755 1516 3822 Dominus

462 3859 633 3924 Iohannes
655 3856 686 3922 le
709 3855 865 3921 Breioun

507 3959 640 4027 XVIII.
665 3958 767 4023 Fuloo
780 3958 821 4024 de
833 3956 956 4023 Soneio
968 3955 1153 4038 Edmund0‚
1166 3957 1321 4025 8111111111
1332 3958 1363 4025 11
1376 3957 1516 4028 0111111.

506 4062 603 4129 XIX.
627 4061 769 4126 Thomas
792 4059 952 4145 Romsyn,
977 4059 1162 4126 Willelmus
1185 4060 1225 4126 de
1249 4061 1350 4127 Leire.

507 4165 632 4232 Eodem
654 4183 749 4242 enno,
773 4161 858 4228 ciros
879 4161 1001 4228 festum
1026 4160 1158 4229 Sunoiae
1181 4161 1387 4249 Mai-garsiae,
1412 4166 1515 4230 amoti

461 4269 597 4335 fuerunt
621 4264 784 4331 Dominus
806 4264 978 4330 Iohannes
1000 4264 1031 4330 le
1055 4263 1203 4331 Bretoun
1226 4286 1247 4329 u
1262 4266 1412 4332 custodis
1427 4266 1514 4330 Lon-

460 4372 642 4449 doniurum
671 4373 706 4435 11
731 4367 895 4433 Dominus
920 4366 1113 4453 Redulphus
1140 4367 1180 4433 de
1208 4367 1349 4433 Berners
1380 4391 1400 4432 n
1427 4367 1514 4434 Con-

460 4473 642 4540 stabulsria
668 4469 782 4536 Turris
794 4494 802 4551 ;
834 4475 868 4534 ei
891 4468 969 4534 loeis
992 4469 1148 4556 ipsorum,
1172 4469 1294 4535 iterum
1317 4469 1516 4557 Rudulphus

460 4577 502 4643 de
525 4574 699 4642 Ssndwioo
723 4570 840 4639 Custos
865 4570 1024 4637 civitatis
1047 4575 1081 4636 et
1096 4569 1371 4637 Consiubularius
1393 4571 1515 4639 Tumis.

505 4677 578 4743 XX
603 4673 796 4762 Rodulphus
818 4673 849 4740 le
872 4671 1013 4754 Blound,
1037 4673 1149 4738 Homo
1172 4673 1253 4741 Box.

506 4779 600 4844 XXI.
625 4778 791 4846 Henrious
812 4775 902 4855 Bole,
928 4773 1019 4842 Elias
1043 4775 1167 4843 Russel.
