3648 5816
488 867 532 938 74
617 919 628 938 .
824 887 925 936 arena
946 885 1191 938 cusrunsnuu.
1348 873 1405 958 [24
1422 889 1506 940 now.
1519 891 1541 938 1·

342 1223 440 1273 m„
485 1189 651 1274 Quosdam
673 1193 805 1262 Littera
828 1194 938 1262 oriem
962 1195 1058 1282 Regi,
1082 1196 1126 1263 ia
1147 1195 1311 1284 partibus
1341 1197 1461 1266 Scotto
1485 1221 1537 1266 ee-

314 1523 442 1571 Answuot

313 1576 355 1620 the
362 1578 457 1622 citimus

313 1627 470 1673 ctIondonto
484 1633 502 1662 “

313 1675 354 1720 the
363 1677 444 1733 King's

311 1731 410 1782 requae.
483 1737 502 1766 u

946 1298 1074 1366 mureti.

529 1529 548 1560 “
570 1521 857 1592 Excellentissimo
872 1531 906 1592 et
922 1526 1002 1614 ligio
1017 1525 1161 1592 Domino
1185 1549 1252 1606 suo,
1271 1525 1447 1604 Eduardo,
1472 1527 1535 1593 Dei

523 1627 640 1718 gratia,
665 1627 748 1716 Regi
780 1628 903 1695 illustri
932 1629 1073 1716 anglia,
1107 1630 1159 1695 sui
1181 1629 1323 1696 humiles
1357 1635 1392 1696 et
1424 1630 1537 1696 devoti

523 1730 610 1798 cives
642 1753 710 1798 suae
734 1731 883 1798 civitatis
906 1732 1161 1812 Londoniarum,
1185 1731 1325 1800 salutem
1357 1732 1394 1798 in
1417 1754 1454 1798 eo
1477 1755 1536 1820 per

482 1841 500 1869 '‘
521 1855 619 1922 quem
633 1856 725 1922 reges
739 1839 880 1924 regnant
895 1839 930 1900 et
948 1833 1034 1923 [qui]
1050 1835 1182 1922 regibus
1197 1835 1257 1902 dat
1271 1836 1419 1902 salutem.
1465 1836 1533 1900 Ex-

481 1944 498 1972 “
521 1937 750 2003 callentissime
775 1938 924 2016 Domine,
953 1937 1025 2024 jam
1047 1961 1106 2026 per
1129 1937 1194 2004 duo
1216 1939 1309 2026 paria
1347 1939 1532 2004 litterarum

480 2049 498 2074 “
520 2044 704 2106 vestrarum
727 2041 910 2108 excitemur
939 2045 1069 2107 attente
1100 2042 1185 2106 cirea
1214 2041 1401 2126 juvandum
1434 2063 1532 2128 nego-

479 2143 605 2209 “tium
638 2143 835 2209 defensionis
868 2144 962 2231 regni
994 2143 1096 2210 vestri
1123 2166 1222 2230 supra
1255 2166 1353 2210 mare.
1412 2142 1530 2220 Primo,

480 2255 496 2280 “
519 2268 577 2333 per
593 2247 738 2312 litteram
761 2247 910 2334 primam,
928 2251 968 2313 ut
990 2268 1065 2312 cum
1087 2247 1156 2312 filio
1178 2251 1299 2325 vestro,
1317 2245 1410 2333 cujus
1425 2248 1531 2312 vitam

479 2349 712 2416 “ditissimus
734 2351 858 2437 dirigat
879 2351 916 2414 in
940 2349 1010 2414 dies
1041 2349 1215 2437 longeest
1246 2371 1423 2437 prosperos.
1472 2349 1529 2415 Se·

478 2457 496 2484 “
519 2452 634 2530 cundo,
658 2459 697 2519 ut
719 2476 794 2518 eum
810 2452 889 2518 viris
911 2452 1069 2531 discretis,
1092 2452 1246 2518 fidelibus
1268 2452 1391 2517 nostris
1414 2451 1529 2517 Domi·
1652 2477 1662 2490 ·

480 2561 496 2588 “
520 2553 580 2630 nis,
606 2554 782 2642 Radulpho
805 2555 846 2620 de
871 2554 1046 2621 Sandwico
1081 2559 1117 2620 ct
1138 2554 1161 2619 J
1164 2555 1294 2620 ohanne
1316 2555 1347 2619 le
1371 2555 1525 2632 Bretoun,

479 2653 496 2689 ‘¹
519 2656 560 2721 de
575 2658 695 2723 nostris
711 2657 902 2724 concivibus
924 2657 1131 2724 mitteremus
1146 2657 1189 2722 ad
1204 2657 1427 2723 defensionem
1443 2679 1525 2745 prse-

478 2766 495 2792 “
518 2758 643 2828 dietam
672 2759 863 2838 faciendam,
890 2760 1065 2828 sinecmse
1087 2760 1195 2838 fuerit,
1215 2760 1318 2847 juxta
1347 2760 1525 2827 eorundem

474 2867 492 2896 “
514 2861 662 2928 fidelium
677 2863 893 2929 monitionem
909 2867 944 2929 et
967 2864 1220 2943 discretionem3
1243 2864 1335 2928 saiva
1356 2869 1469 2929 tamen
1491 2867 1526 2929 et

472 2970 704 3033 “remanente
754 2967 905 3032 custodia
942 2966 1030 3032 bona
1070 2971 1105 3032 et
1148 2967 1336 3032 defensione
1376 2965 1523 3032 civitatis

472 3075 489 3101 “
512 3073 630 3136 vestrae
653 3069 829 3157 praedictae.
867 3069 1030 3136 Videntes
1045 3091 1126 3136 vero
1141 3069 1342 3136 desiderium
1357 3071 1521 3148 vestrum,

469 3175 545 3238 “et
577 3172 665 3262 quod
699 3173 809 3260 ipsum
840 3173 1021 3260 negotium,
1054 3172 1151 3240 vobis
1182 3172 1360 3260 agentibus
1382 3171 1419 3236 in
1441 3170 1521 3236 lon-

470 3281 487 3308 “
509 3273 650 3362 ginquis,
683 3275 866 3342 subsidium
903 3275 1101 3362 requirebat,
1133 3280 1167 3340 et
1199 3274 1287 3362 quod
1324 3273 1421 3340 nobis
1457 3274 1518 3338 hoe

470 3385 488 3409 “
511 3375 616 3446 fecere
639 3378 784 3458 decebat,
809 3399 883 3445 oum
906 3377 1041 3444 consilio
1064 3381 1175 3443 vestro
1206 3377 1356 3442 misimus
1378 3375 1518 3464 quadra·

468 3480 605 3568 “ginta
634 3481 784 3547 homines
826 3502 900 3548 cum
934 3481 1027 3568 equis
1073 3479 1241 3568 coopertis,
1274 3479 1517 3568 quinquaginta

469 3591 484 3617 “
508 3583 700 3662 balistarios,
725 3584 849 3672 absque
882 3583 1058 3670 peditibus,
1081 3583 1139 3669 qui
1170 3581 1356 3668 sumptibus
1394 3582 1516 3648 nostris

466 3693 484 3722 “
507 3686 596 3752 dicto
626 3687 695 3752 filio
718 3693 828 3753 vestro
851 3687 1049 3767 adhaerent3
1070 3689 1106 3750 et
1140 3685 1183 3750 ad
1217 3707 1307 3750 mare
1330 3688 1409 3750 sunt
1442 3706 1515 3772 pro-

466 3797 483 3824 “
506 3787 592 3854 fecti.
638 3789 710 3854 Nos
732 3811 811 3856 vero
833 3788 964 3868 residui,
989 3787 1212 3854 custodientes
1235 3787 1414 3866 civitatem,
1432 3789 1516 3853 circa

465 3897 483 3926 “
507 3913 578 3957 eam
610 3913 689 3958 cura
723 3892 861 3958 sollicita
892 3891 1076 3978 vigilamus,
1100 3895 1200 3978 prout
1238 3891 1395 3978 expedit3
1439 3913 1513 3955 cum

466 4002 481 4030 “
504 3995 615 4082 plures
638 3994 707 4059 sint
728 4016 885 4081 personae,
915 4015 1042 4059 moram
1065 3993 1222 4060 facientes
1245 3993 1448 4072 incivitate,
1473 3993 1514 4058 de

465 4107 481 4132 “
504 4096 643 4164 diversis
665 4097 788 4184 linguis
811 4101 845 4163 ct
868 4096 1018 4188 pertibus
1050 4097 1287 4178 ultramarinis,
1311 4096 1369 4188 qui
1393 4119 1427 4162 se
1450 4095 1513 4160 fin-

463 4209 481 4238 “
503 4206 590 4290 gunt
612 4201 733 4268 amicos
755 4205 883 4266 vestros
906 4203 940 4266 et
961 4203 1099 4280 nostros,
1117 4200 1159 4265 de
1182 4198 1301 4288 quibus
1323 4199 1420 4290 plene
1442 4221 1511 4265 non

462 4311 480 4340 “
503 4303 718 4385 eonfidimus;
742 4308 781 4369 ut
796 4305 836 4370 de
852 4325 993 4390 quorum
1009 4307 1100 4368 stetu
1115 4303 1267 4368 ordinare
1286 4302 1509 4384 formidamus,

462 4415 480 4445 “
501 4431 605 4496 usque
628 4411 776 4475 vestrum
798 4427 895 4496 super
916 4405 978 4472 hoe
993 4406 1198 4486 mandatum,
1219 4406 1314 4472 nobis
1336 4406 1508 4488 directum,

461 4511 681 4578 “habeamus
713 4510 859 4598 speciale.
916 4509 1031 4576 Parati
1064 4513 1179 4576 tamen
1217 4531 1339 4588 sumus,
1374 4507 1506 4590 fuimus,

460 4621 479 4652 “
501 4618 536 4680 et
569 4615 697 4695 erimus,
729 4636 804 4679 cum
835 4613 1012 4680 necessitas
1049 4612 1221 4700 urgentior
1257 4612 1311 4678 vel
1343 4612 1509 4678 remissior

459 4723 479 4754 “
502 4716 773 4803 quandocumque
788 4715 949 4796 suadebit,
968 4715 1072 4800 juxta
1094 4715 1325 4781 discretionem
1348 4720 1382 4780 et
1404 4715 1508 4781 moni-

459 4825 476 4857 “
499 4820 623 4888 tionem
645 4819 793 4888 fidelium
815 4823 1000 4890 vestrorum
1032 4817 1273 4906 praedictorum,
1297 4824 1336 4885 ut
1359 4841 1433 4886 oum
1459 4820 1506 4886 eis
