3636 5820
417 823 457 886 12
742 841 846 890 urens
868 841 1113 894 cusrunanuu.
1306 829 1402 916 [nnn.
1421 847 1458 896 11.

411 1023 551 1105 militiae,
565 1025 675 1111 gratia
697 1025 914 1092 consertandi.
961 1025 1111 1094 ¹Aeoedit
1134 1027 1283 1116 singulos
1297 1051 1371 1118 spes
1392 1032 1460 1098 vio-

412 1126 527 1205 toriae3
561 1128 640 1212 equi
669 1127 730 1194 feri
761 1128 984 1210 adhinniunt3
1018 1130 1192 1199 2tremunt
1213 1137 1314 1212 artus,
1339 1133 1461 1202 fraenos

412 1230 584 1309 mandunt,
600 1229 812 1317 impatientes
836 1253 937 1298 mores
962 1236 1051 1299 sture
1077 1233 1149 1301 loeo
1167 1235 1327 1303 nesciunt.
1374 1237 1460 1304 Cum

410 1332 546 1397 tandem
570 1332 764 1418 sonipedum
791 1335 881 1421 rapit
907 1335 1034 1422 ungula
1056 1358 1196 1415 cursum,
1217 1361 1357 1405 sessores
1380 1340 1457 1404 ado-

409 1431 575 1513 lesoentes,
597 1435 714 1501 divisis
736 1436 935 1525 agminibus,
951 1437 1017 1504 hiis
1032 1440 1303 1526 praecedentibus,
1319 1441 1459 1521 instant,

410 1557 469 1602 nee
495 1542 737 1624 assequuntur;
761 1538 809 1604 hii
833 1540 936 1606 socios
957 1540 1120 1627 dejiciunt
1136 1547 1170 1609 et
1185 1544 1429 1629 praetervolant.

668 1835 741 1904 XX.
771 1837 836 1924 [Da
859 1837 974 1905 Ludis
996 1837 1207 1928 totalibus]

241 2053 355 2110 Quint-in
454 2041 612 2109 Inferiis
646 2041 860 2108 Paschalibus
890 2043 1012 2108 ludunt
1042 2043 1137 2129 quasi
1168 2043 1284 2130 proelia
1316 2043 1457 2110 navalia

239 2120 382 2203 fficium
410 2145 453 2210 In
478 2147 594 2212 arbore
628 2144 790 2231 siquidem
825 2145 1011 2211 mediamne
1046 2151 1139 2212 souto
1172 2146 1304 2212 fortiter
1326 2147 1456 2224 innexo,

241 2209 329 2254 mn
408 2249 572 2327 navicula,
599 2249 705 2314 multo
728 2270 820 2313 remo
843 2253 879 2314 et
903 2254 1003 2336 raptu
1026 2249 1173 2314 fluminis
1201 2247 1277 2330 cita,
1301 2250 1337 2315 in
1362 2271 1459 2337 prora

407 2355 553 2417 stantem
577 2349 680 2416 habet
705 2351 873 2436 juvenem,
907 2356 1037 2416 scutum
1069 2351 1153 2415 illud
1184 2351 1299 2417 lancea
1325 2373 1456 2438 pereus-

408 2475 528 2519 surum.
575 2452 642 2532 Qui
662 2451 700 2532 si,
716 2457 810 2518 scuto
824 2452 874 2516 illi
896 2453 1042 2518 lanceam
1064 2452 1204 2534 illidens,
1220 2454 1354 2541 frangat
1376 2475 1457 2534 eom,

408 2561 443 2622 et
464 2557 622 2620 immotus
637 2555 802 2641 persistet,
818 2554 920 2620 habet
943 2553 1134 2643 ³propositi‚
1159 2556 1231 2622 voti
1254 2578 1385 2644 compos
1400 2561 1458 2621 est.

409 2658 446 2725 Si
472 2679 551 2724 vero
578 2657 691 2723 lancea
712 2657 844 2744 integra
866 2656 998 2724 fortiter
1015 2659 1218 2745 percusserit,
1244 2658 1282 2725 in
1295 2660 1457 2747 profluen-

409 2766 477 2826 tem
500 2780 630 2826 amnem
654 2757 847 2845 dejicietur;
870 2760 967 2826 navis
994 2764 1089 2826 motu
1111 2783 1171 2827 suo
1194 2765 1270 2827 acta
1297 2760 1458 2849 praeterit.

411 2863 499 2929 Sunt
524 2867 637 2928 tomen
659 2861 738 2927 hino
759 2861 838 2927 inde
852 2883 943 2928 secus
967 2862 1043 2928 duae
1065 2885 1168 2930 naves
1192 2863 1406 2943 stationaria,
1423 2867 1458 2929 et

409 2967 446 3032 in
461 2966 508 3031 eis
527 2965 668 3051 juvenes
682 2963 825 3052 plurimi,
848 2969 888 3031 ut
911 2965 1055 3053 eripiant
1076 2987 1299 3052 percussorem
1321 2967 1458 3032 flumine

407 3068 609 3155 absorptum,
625 3089 700 3134 cum
715 3067 822 3154 primo
838 3089 983 3134 emersus
998 3075 1174 3156 comparet,
1199 3070 1253 3135 vel
1275 3068 1287 3106 ⁴
1300 3076 1319 3106 “
1330 3091 1459 3135 summa

408 3177 427 3208 ‘¹
436 3192 549 3237 rursus
564 3191 639 3236 oum
654 3169 756 3235 bullit
771 3170 807 3234 in
823 3169 943 3238 unda.”
989 3170 1098 3258 Supra
1113 3171 1264 3255 Pontem,
1281 3176 1316 3238 et
1331 3172 1458 3238 solariis

406 3294 508 3360 supra
521 3272 674 3355 fluvium,
690 3278 769 3339 sunt
785 3273 843 3360 qui
858 3274 940 3340 tolia
955 3277 1113 3361 spectent,
1135 3271 1180 3312 ⁶“
1192 3275 1336 3341 multum
1351 3274 1458 3340 ridere

408 3383 426 3414 ‘⁴
441 3375 579 3463 parati.”

406 3659 499 3728 XXI.
525 3659 591 3749 [De
608 3657 723 3729 lodis
751 3656 969 3742 oestivala'bos,
986 3664 1027 3728 at
1042 3659 1155 3728 Laeto
1174 3667 1203 3729 at
1226 3657 1456 3749 hujusmodi]

452 3866 495 3930 In
521 3866 613 3932 festis
634 3870 707 3931 tota
729 3869 844 3932 aestate
864 3865 1005 3952 juvenes
1027 3865 1179 3930 ludentes
1204 3869 1398 3931 exeroentur
1420 3865 1457 3930 in

314 3991 347 4024 er.
405 3969 561 4050 saliendo,
583 3970 619 4033 in
650 3990 739 4048 arou,
755 3968 852 4045 lucta,
874 3967 970 4052 jactu
999 3967 1158 4054 lapidum,
1174 3966 1354 4032 amentatis
1377 3967 1454 4031 mis-

405 4076 521 4144 silibus
550 4075 641 4141 ultra
672 4079 796 4140 metam
833 4072 1058 4160 expediendis,
1093 4073 1215 4160 parmis
1251 4071 1456 4139 duelliorum.

405 4180 594 4246 Puellarum
610 4176 776 4264 Cytherea
790 4175 884 4242 dueit
903 4175 1027 4256 choros,
1043 4173 1126 4242 et³“
1131 4174 1213 4264 pede
1228 4172 1333 4240 libero
1349 4175 1458 4262 pulsa-

405 4289 423 4318 “
439 4289 496 4349 tur
518 4280 647 4363 tellus,''
670 4300 774 4366 usque
797 4278 994 4344 imminente
1017 4277 1103 4344 luna

406 4460 494 4468 ——ao-

439 4541 490 4592 ¹In
501 4540 574 4592 other
585 4538 660 4591 MSS.
669 4535 786 4588 accedit.
955 4531 1004 4584 111.
1022 4533 1039 4583 l.
1051 4539 1091 4584 ³4.

437 4621 686 4685 'Seepegetauta
698 4619 799 4668 Notat.
989 4613 1239 4678 'Seepugetanle

437 4697 744 4764 'Properlypropoaitum
988 4691 1126 4756 ‘Adupted
1134 4691 1198 4744 from
1209 4693 1317 4755 Horace,
1329 4694 1359 4746 Β.
1371 4693 1392 4746 1.
1403 4691 1457 4746 ode

437 4783 447 4814 ⁴
458 4779 485 4830 A
496 4776 625 4838 quotation
643 4775 709 4826 from
720 4773 830 4836 Persius,
850 4772 904 4825 Sat.
955 4769 1057 4822 xxxvii.
1070 4770 1095 4820 ll
1108 4775 1130 4833 1,
1143 4777 1166 4824 2.
