3462 5836
250 883 456 969 15row.11.]
503 899 592 948 uum
614 895 682 950 ros
705 895 969 951 rnoomnsrrou
991 897 1162 950 rursror.
1233 882 1298 954 427

293 1084 401 1150 “Rex
428 1083 548 1171 Majori
578 1090 613 1150 et
636 1077 892 1152 vicecomitibus
923 1083 1181 1166 Londoniarum,
1212 1083 1297 1150 salu-
1311 1096 1456 1202 pampo

248 1195 265 1222 “
288 1191 365 1253 tem.
411 1187 496 1254 Cum
518 1209 624 1275 nuper
645 1193 883 1275 praesentatum
899 1188 1017 1253 fuisset
1038 1209 1147 1253 coram
1170 1186 1298 1253 dilectis
1311 1199 1460 1260 ,She-imon-

249 1299 266 1324 “
288 1295 323 1355 et
345 1290 498 1357 fidelibus
527 1291 650 1357 nostris
685 1290 831 1358 Hervico
859 1291 900 1357 de
930 1292 1115 1356 Stauntone
1145 1295 1180 1356 et
1201 1250 1458 1398 sociis³3:³³¹2¹1}'ngebbmip'pizh

248 1399 266 1427 “
288 1391 364 1473 suis,
403 1393 605 1460 Justiciariis
642 1394 764 1460 nostris
786 1415 893 1482 nuper
929 1393 1165 1460 itinerantibus
1209 1391 1296 1481 apud
1309 1402 1397 1498 {333⁸

248 1505 265 1530 “
289 1495 420 1562 istrum
443 1497 697 1576 Londoniarum,
721 1498 809 1584 quod
840 1497 955 1563 Simon
985 1496 1151 1576 Reconiai,
1185 1497 1297 1562 Ricar-

247 1605 264 1633 “
288 1597 358 1679 dus,
382 1603 417 1664 et
439 1598 506 1679 alii,
526 1600 747 1666 vendiderunt
764 1600 977 1666 mercimonia
998 1600 1088 1686 apud
1110 1598 1297 1678 Oomhusse,

247 1707 265 1736 “
288 1701 450 1780 videlicet,
473 1707 602 1769 veteres
624 1723 759 1791 pannos,
783 1703 965 1792 redigisset
988 1701 1052 1768 alia
1075 1699 1295 1781 mercimonia,

248 1812 265 1840 ‘¹
288 1805 325 1870 in
348 1805 573 1892 deceptionem
604 1807 794 1886 ementium,
826 1807 867 1872 de
897 1811 1003 1886 noete,
1033 1827 1108 1872 eum
1131 1827 1190 1893 per
1211 1807 1297 1871 anti-

247 1915 264 1944 “
288 1929 387 1994 quam
409 1909 685 1989 consuetudinem,
720 1909 880 1976 usitatum
902 1909 939 1973 in
961 1907 1098 1975 civitate
1128 1909 1295 1995 praedicta,

247 2019 265 2047 “
288 2011 416 2076 nulium
448 2017 630 2078 mercatum
662 2010 787 2078 ibidem
821 2012 927 2078 teneri
964 2011 1087 2090 debuit,
1125 2011 1191 2076 nisi
1222 2018 1298 2099 post

247 2123 265 2149 “
288 2119 397 2180 ortum
427 2115 505 2180 solis
535 2135 638 2200 usque
669 2115 713 2180 ad
755 2114 868 2181 horam
907 2135 1036 2181 nonam.
1098 2114 1162 2180 Per
1198 2115 1295 2202 quod,

247 2225 264 2252 “
287 2217 390 2297 vobis,
429 2217 561 2305 praefati
592 2217 816 2296 vicecomites,
856 2223 1057 2305 praeceptum
1094 2217 1167 2298 fuit,
1207 2217 1297 2304 quod

248 2320 402 2386 “venire
425 2320 572 2387 feceretis
603 2321 777 2408 praedictos
812 2321 981 2387 Simonem
1012 2327 1047 2387 et
1077 2320 1159 2386 alios
1189 2343 1297 2387 coram

248 2432 265 2460 ‘¹
289 2423 436 2510 praefatis
465 2421 668 2489 Justioiariis
690 2423 820 2489 ibidem.
867 2423 935 2504 Qui
964 2422 1099 2509 quidem
1123 2423 1239 2490 Simon
1262 2429 1298 2489 et

247 2537 264 2562 ‘¹
287 2527 345 2592 alii
366 2531 481 2612 postea
503 2530 688 2608 venenmt;
711 2531 753 2604 et,
777 2527 911 2613 negotio
934 2527 992 2591 illo
1018 2547 1128 2591 coram
1150 2527 1298 2613 praefatis

247 2639 264 2665 “
287 2628 488 2694 Justiciariis
510 2626 635 2694 ibidem
666 2629 818 2706 discusso,
849 2629 996 2715 praefatis
1018 2627 1146 2694 Simoni
1169 2633 1203 2693 et
1225 2629 1299 2694 aliis

248 2731 470 2796 “inhibitum
492 2731 565 2812 fuit,
597 2753 639 2795 ne
662 2729 703 2796 de
734 2736 852 2797 caetero
883 2730 1071 2796 venditioni
1093 2737 1298 2818 exponerent

248 2843 265 2870 “
287 2855 422 2922 pannos,
446 2834 574 2921 caligae,
606 2837 641 2899 et
663 2833 729 2899 alie
758 2833 971 2899 mercimonia
992 2855 1060 2914 sua,
1084 2833 1121 2899 in
1144 2841 1297 2916 mercato,

246 2947 264 2974 “
287 2935 352 3003 nisi
373 2937 464 3002 inter
485 2941 596 3002 ortum
627 2936 705 3002 solis
735 2941 770 3002 et
796 2935 910 3002 horam
936 2937 1164 3024 Vesperarum,
1188 2939 1297 3026 pulse-

246 3049 264 3078 “
288 3045 358 3107 tam
379 3039 417 3106 in
439 3040 573 3106 ecclesia
596 3039 695 3104 Beati
710 3037 845 3104 Thomas
869 3039 1030 3124 Martyris
1053 3039 1093 3104 de
1107 3041 1243 3119 Aeonis,
1260 3041 1297 3106 in

248 3155 262 3180 “
287 3143 424 3210 civitate
438 3143 618 3231 praedictu3
641 3143 690 3208 its
712 3143 801 3229 quod
824 3151 986 3230 emptores
1002 3145 1036 3208 et
1050 3142 1241 3209 venditores
1256 3144 1297 3210 de

246 3247 478 3334 “hujusmodi
509 3243 720 3312 mercandisis
754 3245 821 3310 suis
851 3249 1032 3310 mereatum
1062 3267 1128 3312 non
1159 3251 1297 3314 teneant

247 3359 264 3386 “
288 3371 348 3416 nec
362 3359 536 3416 exerceant
554 3354 629 3436 post
646 3347 737 3414 iilam
757 3347 872 3413 horum
889 3347 1297 3436 Vesperarum,p1dsatam

247 3463 264 3489 “
288 3455 324 3519 in
350 3451 484 3519 ecclesia
513 3452 694 3540 praedicta3
717 3455 816 3538 prout
846 3472 905 3538 per
935 3455 1084 3516 tenorem
1114 3452 1297 3519 Praesente

246 3555 390 3623 “tionis
420 3555 597 3643 praedictae,
632 3577 729 3640 quem
761 3575 870 3619 eoram
901 3553 996 3619 nobis
1025 3554 1061 3618 in
1096 3554 1298 3622 cancellaria

248 3669 264 3696 “
287 3664 400 3726 nostra
422 3657 536 3724 venire
558 3657 702 3738 fecimus,
718 3657 848 3744 plenius
871 3660 922 3722 est
944 3659 1298 3745 compertum-Vobis

246 3773 264 3800 “
287 3760 492 3844 mundamus,
523 3761 611 3848 quod
641 3761 676 3825 in
708 3761 846 3827 civitate
872 3761 1038 3848 praedicta,
1063 3763 1122 3828 ubi
1144 3764 1298 3850 expedire

248 3877 264 3903 ‘⁴
287 3865 446 3946 videritis,
478 3864 606 3952 publice
637 3863 829 3952 proclamari
858 3868 898 3929 et.
921 3863 1066 3930 inhiberi
1095 3866 1231 3944 faciatis,
1255 3887 1298 3932 ne

247 3969 345 4056 “qui
378 3973 453 4056 post
486 3967 600 4034 horam
631 3965 862 4054 Vespererum,
897 3967 1062 4054 pulsatam
1095 3969 1131 4033 in
1163 3969 1298 4036 ecclesie

246 4083 263 4109 “
287 4073 453 4160 praedicta,
493 4071 530 4137 in
567 4068 637 4137 loco
666 4072 824 4158 praedicto
847 4076 985 4137 teneant
1021 4071 1076 4138 vel
1115 4078 1296 4151 exerceant,

246 4185 263 4213 “
286 4180 401 4242 eontra
422 4175 716 4241 considerationem
739 4196 798 4262 per
819 4173 973 4262 praefatos
995 4174 1204 4241 Juaticiarios
1222 4195 1297 4242 nos·

245 4289 263 4317 “
287 4283 357 4346 tros
391 4279 469 4345 inde
503 4277 646 4361 factam3
684 4284 719 4344 et
752 4277 853 4345 etism
885 4276 946 4343 hoc
975 4277 1063 4345 idem
1093 4279 1130 4342 in
1161 4279 1297 4345 civitate

244 4391 265 4420 “
289 4383 447 4472 praedicta
478 4382 617 4449 firmiter
649 4381 816 4448 observari
847 4381 983 4447 faciatis.
1038 4381 1134 4448 Teste
1164 4383 1296 4470 meipso,

245 4495 263 4522 ‘¹
286 4487 375 4575 apud
397 4483 738 4568 westmonasterium,
767 4505 841 4550 xxx
875 4484 928 4552 die
957 4485 1051 4566 Julii,
1085 4505 1173 4554 anno
1202 4487 1297 4576 regni

245 4599 262 4626 “
285 4589 391 4656 nostri
413 4588 505 4656 xv⁰.''
