3600 5822
292 905 334 972 14
351 921 435 972 unu.
452 903 505 992 11.]
530 917 638 970 cunm
660 917 705 970 os
727 917 906 968 menemus
928 915 974 967 nr
995 917 1065 966 usu
1087 915 1252 966 c1r1zuus.
1277 901 1342 966 309

292 1114 310 1142 “
332 1106 431 1174 dictae
476 1106 622 1174 civitatis
675 1105 829 1172 omnibus
882 1103 1094 1170 libertatibus
1149 1105 1184 1169 et
1230 1101 1346 1168 liberis

292 1217 310 1244 “
332 1209 626 1276 consuetudinibus
669 1209 759 1274 suis:
811 1212 846 1273 st
884 1207 986 1272 etiam
1026 1206 1115 1293 quod
1159 1205 1200 1270 de
1238 1205 1346 1290 seipsa

291 1317 309 1346 “
330 1311 430 1376 faciat
467 1311 681 1376 vicecomites
719 1329 929 1396 quoscunque
960 1307 1113 1385 voluerit,
1153 1311 1187 1372 ct
1224 1326 1348 1370 ammo-

291 1420 310 1451 “
332 1418 411 1480 vest
449 1415 582 1499 quando
612 1413 782 1492 volnerit3
828 1416 863 1478 et
901 1432 956 1476 eos
994 1431 1077 1496 quos
1114 1408 1229 1474 fecerit
1251 1407 1346 1473 Vice-

290 1521 307 1552 “
331 1514 474 1595 comites,
514 1513 698 1581 Beronibus
736 1513 777 1579 de
799 1512 968 1578 Scaccario
1004 1511 1093 1598 apud
1125 1510 1348 1576 Westmonas-

293 1623 310 1656 “
333 1618 454 1682 terium
482 1621 661 1704 praesentet
679 1640 687 1696 3
710 1621 746 1681 et
778 1614 867 1701 quod
890 1615 919 1679 si
942 1615 1016 1680 Rex
1037 1613 1093 1680 vel
1118 1612 1263 1680 haeredes
1285 1613 1348 1692 sui,

292 1722 312 1756 “
334 1739 393 1786 sen
427 1719 576 1784 Berones
613 1717 776 1806 praedicti,
807 1716 897 1805 apud
928 1714 1260 1782 westmonasterium
1294 1714 1349 1780 vol

294 1827 311 1858 “
335 1820 522 1888 Lcndonias
544 1843 611 1887 non
642 1819 776 1900 fuerint,
799 1819 888 1904 quod
921 1822 1101 1905 praesentet
1133 1817 1238 1883 dictos
1254 1817 1348 1882 Vice-

295 1929 312 1960 “
335 1923 471 1990 comites
493 1922 632 2012 praefato
665 1921 921 1989 Constabulario
957 1926 1054 1986 extra
1085 1925 1216 2007 portam
1250 1920 1349 1986 dictae

292 2032 312 2066 “
334 2025 457 2107 Turris,
482 2032 518 2092 et
548 2026 596 2092 sic
629 2025 787 2091 admitti:
821 2028 857 2090 et
888 2023 977 2110 quod
1009 2022 1111 2089 iidem
1132 2022 1349 2089 Vicecomites

295 2128 372 2192 “in
395 2128 498 2195 Ousia
521 2127 621 2216 Regis
646 2128 750 2214 juxta
772 2127 907 2193 modum
929 2130 964 2191 et
987 2125 1212 2212 quantitatem
1235 2125 1348 2192 delicti

294 2236 313 2265 “
335 2230 563 2310 amercientur,
591 2229 679 2296 sicut
700 2229 811 2296 caeteri
826 2228 1045 2294 vicecomites
1068 2229 1109 2294 de
1130 2250 1232 2316 regno
1248 2227 1348 2316 Regis

293 2339 311 2366 “
334 2353 394 2418 pro
417 2331 546 2398 delictis
568 2331 793 2399 consimilibus
818 2330 989 2398 amerciati
1022 2329 1169 2396 fuerint:
1202 2337 1237 2397 et
1259 2330 1348 2420 quod

294 2441 312 2472 “
335 2433 363 2500 si
394 2434 494 2502 iidem
522 2435 739 2502 vicecomites
768 2431 902 2520 aliquod
928 2432 1086 2498 delictum
1115 2432 1260 2512 fecerint,
1292 2455 1350 2520 per

295 2544 312 2571 ‘¹
335 2536 424 2624 quod
438 2537 621 2624 periculum
632 2538 714 2604 vita
728 2539 763 2602 et
778 2536 1001 2602 membrorum
1016 2534 1184 2601 incurrere
1196 2534 1349 2615 debeant,

295 2644 313 2674 “
336 2639 425 2725 quod
459 2639 660 2725 judicentur,
702 2637 788 2704 deut
814 2636 959 2723 judicari
989 2635 1120 2716 debent,
1164 2637 1351 2725 perlegam

295 2749 313 2778 “
335 2739 502 2808 civitatis:
542 2746 577 2807 et
610 2740 752 2826 quodsi
785 2741 869 2821 Rex,
896 2741 952 2805 vel
980 2738 1127 2806 haeredes
1158 2739 1219 2820 sui,
1252 2739 1351 2806 alicui

293 2843 490 2910 “dederint
520 2843 576 2910 vol
606 2842 827 2909 concesserint
863 2842 991 2928 aliquid
1024 2843 1066 2908 de
1103 2841 1168 2908 hiis
1200 2864 1274 2928 quae
1308 2841 1352 2906 sd

295 2955 313 2982 “
337 2946 467 3010 firmam
503 2943 736 3032 praedictorum
767 2943 1009 3016 Vicecomitum
1046 2944 1224 3031 pertinent,
1263 2943 1352 3030 quod

295 3055 313 3084 ‘¹
336 3047 419 3113 illud
441 3047 570 3112 civibus
586 3046 834 3112 Londoniarum
856 3046 893 3110 in
916 3045 1142 3133 acquietancia
1163 3046 1269 3114 firmae
1284 3068 1353 3112 susc

296 3157 314 3186 “
336 3149 380 3214 ad
400 3147 605 3216 Scaccarium
629 3148 729 3236 Regis
751 3149 928 3214 annuatim
949 3152 1183 3234 computetur:
1208 3152 1243 3214 et
1266 3147 1355 3234 quod

297 3249 440 3316 “iidem
470 3249 686 3318 ¹Vicecomites
717 3250 860 3318 habeant
892 3250 1076 3316 custodiam
1106 3249 1254 3316 omnium
1287 3249 1355 3338 pri·

297 3359 456 3418 “sonum
478 3373 612 3420 sucrum
635 3353 672 3420 in
694 3352 820 3420 Itinere
851 3351 1019 3440 praedicto.
1059 3351 1109 3418 Et
1132 3351 1242 3432 etiam,
1265 3353 1505 3439 quodnuper-

296 3456 449 3524 “nullus
478 3456 603 3522 civium
625 3456 775 3522 civitatis
806 3455 974 3543 praedictas
996 3453 1134 3541 placitet
1155 3461 1252 3520 extra
1281 3478 1352 3521 mu·
1365 3417 1509 3512 lcllll'dllllo

297 3566 315 3594 “
337 3581 391 3624 ros
414 3557 561 3626 sinistis
583 3558 675 3624 illius
697 3557 739 3624 de
755 3557 823 3624 ullo
845 3557 974 3645 placito,
992 3561 1212 3644 praeterquam
1227 3558 1268 3623 de
1282 3557 1352 3644 pla·
1364 3517 1521 3664 {lffll'rw

297 3661 411 3728 “citis
434 3661 476 3726 de
499 3660 626 3728 tenuris
660 3659 890 3740 exterioribus,
915 3658 1061 3746 exceptis
1097 3660 1290 3726 monetariis
1319 3631 1493 3764 etgtrdlllle

297 3769 315 3800 c
338 3762 499 3829 mamea
523 3761 643 3851 Regis:
667 3766 703 3828 a
724 3761 846 3829 nabere
868 3760 1090 3848 quietantiam
1113 3762 1241 3828 mursa
1262 3762 1352 3828 nra

296 3873 316 3904 “
338 3866 511 3932 civitatem
534 3870 570 3933 et
591 3863 807 3932 Portsoksm:
831 3869 866 3930 et
888 3863 978 3950 quod
991 3861 1104 3930 nullus
1126 3885 1239 3930 eorum
1252 3865 1354 3932 faciat

296 3974 316 4006 “
338 3968 506 4036 duellum:
530 3974 565 4036 et
588 3967 678 4056 quod
701 3967 742 4034 de
764 3967 893 4054 placitis
916 3966 959 4031 ad
981 3987 1135 4034 somnam
1158 3967 1259 4058 Regis
1280 3991 1354 4056 per·

295 4078 317 4111 “
339 4071 525 4138 tinentibus
545 4092 581 4136 se
596 4070 726 4158 possint
740 4069 957 4137 disrationare
980 4069 1160 4136 secundum
1183 4071 1354 4158 antiquam

297 4182 315 4210 “
337 4172 607 4241 consuetudinem
630 4171 800 4254 civitatis3
836 4171 898 4239 hoc
934 4177 1048 4238 tamen
1085 4177 1230 4260 excepto,
1266 4174 1356 4261 quod

296 4286 314 4313 “
337 4297 435 4364 super
461 4275 608 4342 tumulos
630 4279 840 4341 mortuorum
862 4274 904 4340 de
926 4297 965 4340 ec
989 4274 1078 4360 quod
1101 4273 1223 4342 dicturi
1246 4281 1355 4343 essent

296 4386 315 4420 “
339 4378 470 4458 mortui,
495 4377 524 4444 si
546 4377 709 4460 viverent,
740 4399 809 4443 non
841 4377 940 4444 liceat
962 4376 1098 4463 praecise
1126 4378 1264 4464 jurare3
1295 4379 1354 4444 sed

295 4492 314 4520 “
337 4482 409 4550 loco
446 4485 654 4548 mortuorum
677 4480 736 4568 qui
758 4485 836 4546 ante
866 4480 997 4545 obitum
1030 4501 1127 4546 suum
1158 4481 1253 4548 electi
1285 4481 1354 4548 fue-

297 4591 315 4624 “
338 4589 416 4652 rant
439 4585 483 4650 sd
505 4605 560 4650 eos
582 4581 856 4662 disrationandus,
872 4581 931 4668 qui
953 4581 1113 4649 derebus
1135 4583 1179 4648 ad
1201 4605 1355 4650 coronam

297 4693 316 4724 “
339 4684 566 4776 spectantibus
599 4684 759 4774 appellati
792 4683 919 4753 fuerint
946 4683 1002 4749 vel
1023 4685 1152 4770 rectati,
1176 4685 1235 4751 alii
1258 4686 1355 4754 liberi

298 4795 316 4827 “
339 4794 375 4856 et
397 4789 517 4880 legales
539 4789 690 4858 homines
712 4787 887 4878 eligantur,
909 4786 969 4876 qui
990 4787 1080 4856 idern
1103 4788 1173 4856 sine
1195 4787 1355 4858 dilatione
