3600 5822
496 918 561 985 326
838 935 944 986 nmnn
965 931 1208 988 common
1339 918 1401 1010 [14
1414 936 1499 986 now.
1518 935 1548 986 11

496 1125 515 1154 “
537 1139 612 1186 mus
634 1118 723 1206 qnod
752 1119 848 1186 nobis
869 1127 905 1188 et
939 1119 1087 1188 Consilio
1119 1125 1233 1190 nostro
1264 1123 1334 1188 fore
1366 1121 1551 1190 viderimus

496 1228 515 1255 “
535 1219 730 1288 faciendum.
787 1221 883 1290 Teste
915 1223 1048 1312 meipso,
1084 1225 1173 1313 epod
1207 1224 1549 1305 westmonasterium,

497 1331 515 1358 ‘⁶
537 1323 645 1411 primo
668 1323 722 1390 die
748 1323 843 1407 Julii,
860 1347 949 1394 nnno
971 1328 1066 1416 regni
1090 1325 1218 1396 nostri¹
1234 1327 1324 1395 xv⁰.”

327 1489 484 1590 RQ*
542 1499 658 1568 “Rex
681 1499 809 1570 dilectis
836 1507 872 1570 et
901 1503 1055 1570 fidelibus
1085 1503 1164 1584 suis,
1202 1501 1348 1570 Henrieo
1380 1502 1413 1570 le
1445 1502 1550 1590 Sorop

538 1607 573 1672 et
598 1604 695 1672 sociis
730 1605 807 1686 suis,
844 1605 1049 1674 Justioiosiis
1074 1606 1197 1672 nostris
1221 1607 1265 1673 ed
1291 1606 1415 1696 placito
1438 1628 1550 1674 eorem

326 1727 441 1790 mg„
497 1705 609 1796 “ipso
637 1708 782 1776 tenende
810 1709 994 1796 assignatis,
1020 1709 1170 1778 sdutsm.
1218 1709 1304 1778 oum
1336 1709 1447 1776 omnio
1480 1709 1552 1796 ple·

327 1796 462 1894 fflffiw
497 1815 515 1844 “
537 1809 605 1876 oito
628 1810 668 1876 de
694 1810 785 1891 ‘Quo
809 1809 1007 1894 Werrento,’
1028 1834 1067 1878 eo
1089 1813 1192 1878 etiem
1207 1813 1274 1878 elie
1295 1811 1420 1901 placite
1443 1811 1551 1898 Majo-

498 1919 516 1948 “
537 1934 615 1994 rem,
632 1913 883 1994 Aldermennos,
910 1915 1007 1994 cives,
1030 1921 1066 1980 et
1095 1917 1372 1982 communitatem
1401 1915 1550 1982 civitsns

497 2023 515 2052 “
537 2021 660 2084 nostroe
695 2016 942 2084 Londonierum
976 2019 1158 2106 tangentis,
1193 2019 1234 2086 de
1263 2018 1382 2086 ultimo
1421 2017 1550 2085 Itinere

498 2129 516 2156 “
538 2121 562 2188 J
564 2121 807 2189 ustieieriorum
820 2127 1008 2188 nostroinm
1023 2122 1113 2210 opud
1134 2121 1268 2188 Turrim
1290 2120 1550 2200 Londonisrum,

497 2229 515 2260 “
538 2246 613 2312 quse
627 2245 737 2294 eorem
752 2223 897 2292 Consilio
918 2229 1031 2292 nostro
1047 2247 1090 2290 ex
1103 2225 1201 2292 eertis
1216 2225 1321 2292 censis
1336 2225 1450 2292 venire
1465 2223 1549 2290 feee-

498 2335 515 2362 “
537 2327 648 2408 rimus,
669 2333 704 2395 et
728 2349 802 2416 quae
824 2329 932 2394 adhue
963 2328 1110 2416 pendent
1143 2327 1296 2408 indecisa,
1319 2349 1426 2416 nuper
1451 2327 1549 2394 vobis

497 2439 514 2466 ‘⁸
536 2431 673 2498 fecimus
688 2430 831 2510 liberari,
846 2453 957 2498 eornm
970 2430 1065 2496 vobis
1079 2430 1440 2498 terminando-Vobis
1455 2451 1550 2498 men-

496 2542 513 2568 “
536 2533 661 2612 demus,
684 2535 773 2622 qnod
803 2535 848 2600 ed
880 2533 1110 2600 ellooetionem
1143 2533 1222 2600 inde
1252 2533 1393 2622 praefato
1415 2532 1549 2621 Majori,

496 2643 513 2670 “
535 2635 781 2716 Aldermennis,
812 2636 951 2719 civibus,
974 2641 1009 2704 et
1032 2637 1263 2714 communiteti
1287 2635 1478 2714 feoienm,
1510 2641 1548 2702 et

495 2745 513 2772 “
534 2737 601 2804 elie
622 2737 746 2824 placito
778 2739 944 2806 audiendo
966 2745 1001 2806 et
1025 2739 1284 2818 determinanda,
1317 2762 1417 2826 quem
1447 2738 1549 2804 eitius

495 2847 513 2874 “
536 2840 700 2928 poteritis,
716 2841 911 2928 procedatis,
939 2847 1040 2932 prout
1067 2843 1108 2910 de
1128 2843 1204 2932 jure
1230 2842 1299 2910 fore
1323 2841 1475 2910 videritis
1496 2840 1547 2906 fo-

494 2950 512 2980 “
534 2943 695 3014 ciendum
753 2943 851 3014 Teste
885 2946 1021 3034 meipso,
1043 2945 1134 3034 opud
1166 2946 1362 3028 Eboreoum,
1392 2944 1455 3010 xiii
1490 2944 1548 3011 die

493 3054 512 3083 '‘
534 3045 624 3128 Maii,
648 3067 736 3116 enno
761 3047 855 3136 regni
880 3049 988 3118 nostri
1010 3047 1099 3118 xv⁰.''

350 3327 375 3381 l.
384 3333 458 3384 m*
490 3337 541 3410 De
559 3340 726 3412 Oenonen
742 3337 839 3410 Obole’
861 3337 903 3408 de
916 3337 1060 3427 Pesoyio
1082 3339 1193 3408 levato
1214 3339 1256 3408 de
1270 3339 1466 3409 Pistmibee
1477 3359 1547 3430 pro

648 3443 794 3534 quolibet
818 3441 1000 3528 Quertese'o
1023 3442 1209 3512 Frumenti
1230 3442 1395 3511 osoleedo.

321 3573 444 3674 {md
533 3582 708 3650 Juretores
741 3586 954 3670 presentent,
980 3581 1070 3668 quod
1111 3581 1282 3648 Johonnes
1320 3581 1366 3648 du
1400 3580 1477 3648 Bois
1508 3585 1545 3647 et

321 3679 469 3785 fflffl'ffl,
490 3684 674 3754 Willelmus
700 3691 756 3752 ete
770 3684 874 3764 Weie,
900 3684 1039 3750 firmarii
1062 3683 1193 3772 Pesngii
1214 3684 1356 3752 faciendi
1379 3684 1420 3751 ds
1442 3683 1546 3750 bledo

321 3779 478 3886 &ww
489 3788 652 3876 pistorum
689 3788 838 3856 civitatis
877 3786 1126 3854 Londonierum
1162 3787 1322 3866 molendo,
1368 3791 1402 3854 et
1439 3787 1543 3854 etiem

320 3877 478 3990 mm}
490 3891 626 3978 quidem
645 3891 703 3958 elii
722 3891 814 3979 prius
828 3890 966 3957 firmarii
981 3889 1128 3977 ejusdem
1147 3889 1285 3977 Pesngii,
1308 3888 1381 3976 jnm
1396 3911 1455 3977 per
1468 3911 1544 3956 xxx

318 3981 450 4078 ξομ
488 4017 602 4076 annos,
640 3995 829 4062 habuerunt
870 3995 915 4060 ed
946 3994 1077 4060 firmem
1110 4015 1154 4061 ex
1184 3992 1374 4062 dimissione
1404 3992 1544 4079 Majoris

320 4085 419 4135 ‘ml‘
487 4099 634 4166 civitatis
657 4097 914 4177 Londoninrum,
938 4101 973 4164 et
994 4097 1102 4164 edhno
1124 4095 1256 4174 hebent,
1281 4095 1449 4181 quendem
1471 4116 1545 4162 ous-

487 4205 615 4268 tumem
638 4203 679 4270 de
694 4199 832 4288 Pesngio
854 4199 1020 4288 praedieto,
1037 4197 1194 4287 enpiendo
1210 4197 1250 4264 de
1265 4197 1447 4285 pistoribus
1461 4219 1547 4285 prae·

321 4301 455 4405 flogigffi,
487 4303 593 4385 dietis,
629 4326 688 4393 pro
728 4301 879 4391 quolibet
908 4302 1075 4390 querteiio
1116 4301 1209 4369 bladi
1245 4301 1406 4380 molendo,
1438 4321 1544 4368 unum

317 4407 470 4517 bhffiffiffi
486 4405 629 4488 obolum,
654 4413 726 4474 tem
752 4407 795 4474 de
818 4406 918 4474 bledo
939 4405 1097 4474 veniente
1130 4427 1190 4494 per
1211 4411 1335 4473 terrem
1358 4424 1460 4490 qoem
1482 4404 1543 4491 'per

318 4471 411 4613 &aa
486 4531 629 4598 squam,
651 4527 751 4598 quem
782 4509 918 4598 quidem
951 4515 1137 4576 custumem
1160 4507 1297 4596 quidem
1321 4507 1488 4574 Henrions
1510 4506 1543 4572 le

486 4611 618 4696 Weleis,
645 4615 725 4681 dum
746 4613 812 4680 fisit
838 4612 947 4701 Major
968 4612 1115 4681 divitatis
1135 4611 1389 4690 londoniarum,
1414 4607 1543 4677 levavit

1471 4783 1540 4796 -nuq

804 4859 813 4901 ¹
824 4866 870 4918 An
881 4879 950 4920 error
961 4863 1089 4934 evidently
1099 4867 1140 4920 fol·
1150 4863 1227 4920 xiiii’.
