3462 5836
442 885 508 948 364
778 895 882 946 arana
903 894 1149 948 cusruusnum
1287 882 1443 970 [lasau.
1458 895 1500 950 11.

444 1089 462 1120 “
484 1083 600 1150 audita
614 1081 760 1172 ipsorum
774 1081 940 1149 Johannis
963 1087 999 1150 et
1023 1083 1118 1151 Lora
1133 1082 1212 1150 inde
1235 1085 1376 1170 querela
1393 1107 1500 1151 voca-

443 1193 459 1220 “
484 1185 593 1272 tisque
619 1207 727 1251 coram
751 1185 845 1251 vobis
867 1185 1016 1272 praefatis
1039 1185 1165 1272 Majore
1191 1190 1226 1251 et
1248 1187 1499 1266 Aldermannis,

442 1293 461 1324 “
484 1292 519 1354 et
542 1287 616 1353 aliis
640 1310 721 1374 quos
736 1288 918 1354 evocandos
940 1287 1009 1354 fore
1033 1288 1192 1366 videritis,
1210 1288 1397 1374 auditisque
1420 1311 1499 1376 par-

443 1391 570 1455 “tium
594 1388 774 1456 hincinde
804 1390 997 1469 rationibus,
1022 1389 1202 1477 habitaque
1234 1389 1501 1457 eonsideratione

443 1501 460 1526 “
483 1493 526 1556 ad
558 1491 614 1578 jus
646 1496 804 1570 nostrum,
828 1492 917 1578 quod
951 1491 992 1558 de
1023 1493 1138 1558 eadem
1164 1491 1338 1578 Serjentia,
1366 1493 1500 1559 ratione

348 1619 383 1652 ,s
443 1600 462 1629 “
485 1593 654 1675 custodia,
678 1597 824 1676 moesta,
841 1595 895 1660 vel
923 1593 988 1660 alio
1011 1595 1118 1672 modo,
1144 1594 1290 1660 aoeidere
1312 1595 1436 1682 poterit
1458 1595 1498 1660 in

443 1705 460 1730 ‘⁸
484 1695 643 1777 futurum,
668 1695 808 1762 ulterius
831 1696 869 1761 in
894 1697 1069 1783 praemissis
1094 1697 1167 1762 fieri
1188 1696 1318 1762 faoiatis
1343 1697 1431 1782 quod
1452 1699 1501 1762 de

444 1803 462 1834 “
480 1799 555 1884 jure
591 1802 626 1864 et
611 1798 841 1864 tseeundum
868 1798 1138 1866 consuetudinem
1165 1799 1260 1886 regni
1294 1799 1401 1866 nostri
1424 1799 1498 1865 fore

443 1901 634 1967 “videritis
656 1899 849 1966 faciendum.
895 1901 993 1968 Teste
1019 1902 1151 1989 meipso,
1180 1899 1259 1968 eta''

274 2009 325 2104 {⁹¹¹3
327 2009 416 2105 ffiffl
417 2002 717 2069 ¹Commoditas
750 2002 898 2069 civitatis
931 2003 1179 2070 Londoniarum
1214 2005 1384 2069 sumonita
1426 2004 1498 2070 fuit

274 2073 366 2156 iidafi
365 2061 410 2156 id
442 2106 484 2171 ad
506 2105 769 2194 respondendum
783 2103 931 2170 Johanni
954 2104 996 2171 da
1018 2105 1267 2194 Daggewortbe,
1292 2105 1387 2173 Lorae
1409 2105 1498 2192 Pey-

274 2163 349 2256 ἔξω
344 2163 418 2258 iiia
441 2208 551 2288 ferere,
568 2212 602 2274 et
627 2207 773 2274 Hamoni
800 2207 945 2290 Peverel,
962 2207 1003 2274 de
1025 2207 1147 2296 placito
1170 2230 1278 2294 quare,
1295 2230 1371 2275 oum
1392 2209 1498 2274 iidem

275 2263 371 2308 “m
441 2311 621 2392 Johannes‚
650 2315 685 2377 et
710 2311 805 2392 Lora,
828 2315 863 2376 et
886 2311 1007 2391 Hamo,
1033 2310 1175 2378 officium
1198 2311 1368 2378 hostiatim
1398 2311 1499 2379 Soso-

442 2413 521 2480 carii
546 2413 683 2480 Domini
707 2413 806 2501 Regis
827 2435 887 2500 per
909 2413 1068 2502 Magnam
1091 2414 1299 2501 Serjantiam,
1331 2436 1404 2501 quse
1427 2437 1499 2480 nna

442 2520 476 2582 et
507 2516 639 2603 integra
671 2537 740 2584 esse
774 2515 880 2594 debet,
909 2515 949 2583 de
984 2517 1074 2605 Rege
1104 2523 1250 2600 teneant,
1285 2523 1327 2596 et,
1363 2517 1497 2585 ratione

443 2617 538 2684 officii
571 2619 671 2698 illius,
704 2639 812 2684 eoram
847 2617 1049 2685 Justieiariis
1086 2619 1225 2685 Domini
1252 2618 1352 2708 Regis
1383 2619 1437 2685 hie
1456 2620 1498 2686 in

443 2719 567 2786 Itinere
602 2743 671 2802 suo,
715 2721 826 2809 virgas
870 2727 1009 2808 portare,
1055 2721 1247 2788 clamatores
1289 2742 1416 2809 ponere,
1458 2727 1498 2788 et

275 2836 413 2943 Ρῶιὶῑῃριῐιψ
340 2837 416 2882 aas
442 2821 545 2900 feoda,
562 2845 636 2909 quae
654 2823 945 2890 “Maresoallorum
966 2823 1089 2891 seoda'’
1110 2830 1354 2913 mmeupantur,
1371 2847 1495 2913 capere,

274 2901 413 3034 ffiup
443 2925 592 3006 debeant,
621 2925 708 2993 sieut
739 2921 917 3006 Johannes‚
951 2928 1046 3006 Lora,
1070 2933 1105 2994 et
1139 2925 1259 3007 Hamo,
1284 2949 1392 2994 eoram
1414 2928 1497 2995 Jus-

442 3029 580 3097 tieiariis
603 3029 703 3117 Regis
731 3029 771 3096 de
797 3030 908 3096 Baneo
931 3029 1167 3118 hujusmodi'
1134 3051 1247 3118 virgas
1269 3035 1413 3118 portant,
1430 3031 1497 3096 ola

442 3137 585 3198 matures
608 3136 790 3220 ponunte
772 3133 934 3200 etfeoda
972 3133 1118 3221 capiunt,
1141 3154 1180 3198 aa
1203 3154 1313 3198 eoram
1336 3132 1497 3199 Justioia-

442 3235 500 3300 riis
517 3235 617 3324 Regis
641 3257 747 3324 nuper
769 3235 1040 3301 itinerantibus
1031 3257 1068 3301 m
1092 3235 1264 3303 Comitatu
1280 3234 1438 3316 Kaneiae;
1460 3241 1499 3303 et

442 3343 662 3405 antecessores
683 3339 736 3405 sui
762 3359 872 3405 coram
894 3338 918 3405 J
920 3337 1097 3404 ustmrarns
1121 3338 1258 3404 Domini
1282 3337 1383 3425 Regis
1405 3359 1499 3406 nunc

442 3442 698 3528 progenitorum,
728 3441 896 3527 quondam
931 3441 1060 3528 Regum
1091 3441 1232 3528 Anglias,
1257 3441 1499 3508 itinerantibus

443 3543 478 3608 in
501 3545 628 3611 ooeteris
644 3543 867 3612 Comitatibus
895 3544 1033 3610 Domini
1049 3544 1149 3632 Regis
1175 3565 1273 3624 nune,
1288 3543 1399 3632 virgas
1420 3567 1499 3632 por-

443 3651 523 3726 tare,
551 3647 743 3714 clamatores
765 3669 893 3735 ponere,
910 3669 949 3713 aa
962 3646 1152 3734 hujusmodi
1174 3648 1270 3714 feoda
1292 3669 1405 3735 capere
1419 3669 1499 3714 oon-

443 3755 623 3816 sueverunt
635 3774 645 3832 ς
679 3752 821 3837 praefata
850 3750 1079 3830 communitas,
1113 3750 1212 3816 simul
1242 3771 1317 3816 oum
1350 3750 1500 3818 Custode

443 3853 590 3940 ejusdem
623 3853 779 3933 civitatis,
804 3853 893 3941 ipsos
918 3853 1115 3934 Johannem,
1145 3853 1273 3934 Loram,
1301 3858 1337 3920 et
1370 3853 1497 3920 Hemo-

443 3978 528 4036 nem,
555 3957 666 4044 virgas
689 3961 828 4043 portare,
853 3955 1047 4023 clamatores
1076 3979 1205 4045 ponere,
1229 3979 1267 4022 aa
1295 3956 1499 4045 foedaque

447 4059 740 4126 “Maresoallorum
755 4059 851 4125 feoda
863 4059 881 4089 ’'
903 4065 1146 4147 nuncupantur,
1164 4081 1278 4148 capere
1294 4081 1402 4126 eoram
1418 4058 1443 4125 J
1444 4082 1499 4126 us-

444 4161 582 4230 tioiariis
616 4161 718 4250 Regis
748 4160 987 4228 itinerantibus
1019 4161 1072 4228 hio
1098 4161 1137 4227 in
1171 4163 1298 4228 Itinere
1323 4183 1383 4228 suo
1411 4185 1496 4250 prae-

443 4265 540 4344 dieto‚
574 4287 642 4330 non
668 4264 845 4352 permittit,
872 4263 908 4329 in
941 4265 1089 4352 ipsorum
1118 4265 1291 4345 Johannis,
1321 4264 1424 4346 Lorae,
1459 4273 1498 4334 et

443 4367 616 4448 Hemonis,
654 4366 930 4435 exhaeredationis
966 4367 1148 4454 perieulum
1182 4368 1404 4450 manifestum,
1437 4373 1497 4436 eie

442 4471 488 4537 Et
511 4472 599 4538 unde
621 4471 721 4538 iidem
744 4470 921 4550 Johannes‚
947 4469 1041 4549 Lora,
1066 4475 1101 4536 et
1116 4470 1236 4550 Homo,
1260 4471 1384 4552 dieunt,
1408 4473 1496 4558 quod

441 4597 516 4641 oum
533 4574 635 4640 iidem
651 4573 675 4639 J
677 4573 831 4653 ohannes,
849 4572 942 4652 Lora
966 4579 1002 4640 et
1025 4573 1146 4654 Homo,
1171 4573 1316 4640 officium
1332 4574 1501 4644 hostiarius

442 4676 603 4743 Seaoaarii
626 4677 764 4744 Domini
788 4675 890 4764 Regis
912 4697 970 4763 per
1001 4674 1161 4764 Magnam
1186 4677 1397 4762 Serjantiam‚
1420 4700 1497 4765 quae

441 4799 509 4846 una
530 4785 566 4848 et
587 4780 718 4868 integra
739 4801 808 4847 esse
842 4779 948 4861 debet,
981 4778 1023 4847 de
1053 4779 1198 4847 Domino
1233 4781 1323 4870 Rege
1346 4785 1498 4862 teneant,
