3462 5836
436 850 502 916 uto
770 863 872 916 monn
893 859 1158 924 cnmoumom,
1274 849 1333 940 [14
1346 866 1491 920 anum

479 1051 530 1122 Do
560 1051 624 1118 hiis
653 1051 711 1138 qui
735 1071 804 1120 non
828 1050 1032 1139 permittunt
1056 1051 1198 1120 ballivos
1220 1053 1357 1124 Domini
1384 1053 1492 1140 Regis

434 1155 557 1221 intrare
588 1155 624 1218 in
658 1159 762 1220 tomas
795 1175 878 1233 suaa,
917 1154 961 1219 od
1000 1154 1256 1224 sumonitionom
1298 1155 1494 1224 faciendum

432 1263 467 1324 ot
501 1257 766 1344 distringendum
789 1269 848 1346 pro
880 1256 994 1324 debito
1024 1256 1162 1326 Domini
1194 1259 1302 1344 Bagis,
1334 1259 1389 1326 vol
1411 1259 1492 1329 aliis

432 1360 538 1441 rebus,
562 1361 634 1426 sino
649 1359 783 1448 speciali
804 1363 969 1447 praeoepto
992 1358 1128 1428 Domini
1151 1359 1259 1448 Regin

476 1463 529 1530 Do
551 1463 683 1532 ballivis
711 1462 848 1530 Domini
870 1460 974 1550 Regis
997 1463 1055 1549 qui
1086 1463 1234 1550 ooparint
1256 1463 1408 1534 oenones
1423 1487 1489 1553 pro

431 1566 712 1654 raoognitionibuo
734 1565 926 1633 amovendis
942 1566 983 1634 do
998 1563 1022 1632 J
1023 1567 1129 1635 oratu
1144 1577 1179 1636 ot
1192 1566 1323 1634 Amisia

477 1669 528 1738 Do
550 1670 615 1738 hiis
641 1671 699 1756 qui
723 1675 843 1738 tonant
868 1673 973 1738 tortas
999 1667 1279 1750 normannorum,
1302 1669 1492 1740 blandren-

431 1772 526 1851 aium,
550 1772 796 1855 Britannorum,
812 1773 866 1838 vel
888 1771 1029 1837 aliorum
1045 1777 1288 1852 extraneorum,
1311 1771 1352 1840 do
1374 1775 1488 1862 cujus-

431 1897 559 1962 cunque
581 1875 686 1944 feodis
708 1877 784 1956 onio,
801 1879 915 1962 atquo
936 1879 1103 1942 warranto
1125 1897 1179 1942 aaa
1196 1879 1335 1956 tonant3
1356 1877 1429 1944 aiva
1444 1879 1489 1943 de

432 1978 575 2045 Domino
592 1979 681 2068 Rege
707 1979 762 2044 vel
785 1977 826 2044 do
849 1977 969 2064 quibus
992 1957 1158 2052 Dominus
1188 1979 1262 2048 Rex
1284 1978 1367 2048 talia
1386 1979 1490 2048 feoda

431 2083 589 2152 oonooaoit
611 2081 812 2152 ooniarenda
1073 2105 1077 2112 ·

476 2183 529 2251 Da
551 2183 616 2250 hiis
639 2185 697 2271 qui
722 2183 951 2253 subtraxerint
979 2182 1139 2252 mamm
1166 2181 1349 2265 Shirarum,
1371 2183 1488 2254 (iomi-

430 2292 574 2366 totnnm,
592 2287 863 2366 Hundrodorum,
880 2290 957 2374 post
979 2307 1130 2374 guerram
1158 2292 1284 2354 motam
1306 2289 1395 2356 inter
1417 2287 1486 2354 Re-

430 2413 505 2478 gem
521 2391 545 2462 J
547 2390 710 2460 ohannem
740 2397 775 2458 ot
797 2389 943 2458 Baronoo
975 2411 1059 2468 onor,
1084 2411 1143 2477 por
1166 2390 1373 2458 voluniotom
1387 2391 1487 2460 Vine-

431 2493 590 2560 oomitum
600 2495 652 2562 vel
667 2493 876 2576 ballivorum,
889 2493 958 2559 sine
974 2513 1107 2564 assensn
1116 2499 1151 2562 ot
1162 2493 1336 2564 voluntate
1345 2493 1487 2564 Domini

477 2698 529 2768 Do
559 2697 624 2766 hiia
646 2697 704 2784 qui
733 2701 850 2771 tonant
877 2697 1005 2768 Plnoito
1041 2697 1082 2769 de
1112 2698 1228 2768 Votito
1259 2697 1382 2770 Nomio
1411 2701 1485 2772 sino

432 2805 608 2870 warranto.

477 2906 529 2973 De
551 2905 807 2972 Vioeoomitibus
830 2909 865 2972 et
888 2903 962 2972 aliia
979 2904 1118 2972 'ballivis
1138 2903 1277 2972 Domini
1300 2907 1401 2993 Regis
1424 2909 1486 2996 qui

432 3010 579 3098 ooparint
624 3009 883 3098 redemptionom
921 3008 962 3074 do
993 3008 1160 3095 integrum
1197 3007 1329 3076 fandum
1365 3010 1485 3078 militis

432 3113 632 3192 tonantibus,
660 3135 704 3180 no
740 3111 864 3178 militas
890 3111 1011 3178 fierent
1033 3110 1076 3180 ad
1111 3111 1306 3181 mandatum
1345 3113 1486 3182 Domini

433 3218 542 3306 Ragn'n,
565 3239 641 3286 oum
663 3217 742 3286 inda
771 3214 910 3302 spooinlo
941 3218 1144 3302 praeoaptum
1166 3213 1353 3284 habuerint

478 3322 529 3390 Do
550 3320 700 3388 vallantis
726 3319 893 3405 intogrum
918 3315 1050 3384 feodum
1087 3317 1486 3402 murmurationum

431 3425 538 3514 plenoe
561 3423 672 3491 aetatio
693 3419 921 3499 (antistantibus¹
946 3419 1111 3484 militibus
1134 3419 1299 3488 fooiondin

476 3527 528 3594 Do
551 3524 808 3593 Vioooomitibno
830 3527 865 3590 ot
887 3522 962 3588 aliis
984 3521 1118 3590 ballivis
1140 3522 1277 3590 Domini
1302 3523 1411 3610 lingis,
1427 3527 1486 3592 vel

431 3631 506 3696 aliis
530 3629 672 3705 ballivis,
699 3627 757 3714 qui
787 3630 905 3693 tonent
927 3624 1057 3694 Plaoita
1081 3624 1123 3692 do
1153 3624 1268 3692 Valito
1292 3626 1422 3706 Nomio,
1448 3635 1487 3697 et

432 3733 559 3802 Plaoita
569 3733 715 3810 Corona,
729 3735 764 3798 ot
773 3730 831 3796 illa
839 3727 1023 3796 terminant
1036 3726 1276 3808 Comitatuvol
1288 3729 1482 3813 Hundrodo,

431 3837 485 3904 val
511 3835 601 3917 alibi,
626 3857 685 3923 por
723 3836 965 3900 oaonnmontum
994 3831 1044 3906 xii
1051 3855 1061 3912 3
1092 3852 1167 3899 oum
1188 3831 1314 3900 nullam
1337 3833 1486 3902 habeant

430 3939 508 4005 indo
544 3943 744 4027 potestatem
766 3937 835 4004 aine
862 3935 994 4024 rpooioli
1022 3940 1188 4025 praeoopto
1210 3934 1347 4006 Domini
1369 3935 1484 4026 Bagis,

430 4065 489 4132 por
509 4043 610 4110 bravo
632 4063 736 4112 auum.

475 4147 526 4212 Do
556 4144 744 4212 oxoessibus
767 4141 1007 4209 Vioeoomitum
1029 4141 1085 4207 vol
1106 4141 1245 4209 oliorum
1280 4142 1483 4212 ballivorum

429 4271 573 4326 auorum,
590 4249 660 4314 nivo
682 4245 770 4312 infra
792 4245 981 4311 libertatem
997 4245 1050 4311 vol
1066 4249 1169 4323 extra
1186 4245 1214 4310 si
1229 4245 1371 4333 aliquem
1387 4248 1483 4314 litam

429 4353 575 4420 foverint
605 4355 773 4439 praetextu
809 4353 972 4414 ton-arum
1010 4349 1065 4414 vol
1101 4348 1324 4415 custodiarum
1357 4350 1483 4416 habon-

430 4457 555 4536 darum,
593 4455 647 4520 vel
687 4453 897 4519 denariorum
923 4451 1225 4538 perquirondmum,
1250 4452 1306 4518 vel
1343 4453 1484 4540 alioujuo

429 4559 565 4625 alterius
588 4557 734 4645 proficui,
750 4578 808 4644 per
823 4553 911 4641 quod
928 4553 1064 4640 justitia
1078 4559 1112 4620 et
1128 4555 1252 4620 veritas
1267 4555 1478 4623 suffocantur.

827 4792 835 4822 ⁸
847 4789 970 4857 Properiy
982 4795 1067 4842 rector.
