3600 5822
445 850 510 924 270
781 869 884 921 umus
905 868 1153 924 cusrournuu.
1290 853 1495 942 [mmmm

446 1061 463 1088 “
485 1057 589 1118 tstem
612 1053 658 1118 sic
680 1057 732 1118 est
755 1053 1002 1136 erirnittendus3
1026 1055 1085 1142 qui
1107 1054 1241 1142 quidem
1263 1078 1322 1122 sex
1348 1055 1497 1122 homines

445 1161 463 1192 ‘⁸
486 1154 722 1241 menucepient
747 1177 806 1242 pro
829 1156 886 1223 illo
908 1157 955 1224 sic
979 1158 1186 1226 edmitundo
1209 1160 1251 1225 de
1273 1159 1496 1226 conservando

446 1267 464 1296 “
487 1258 658 1325 civitatem
699 1258 892 1344 praedictum
927 1259 1118 1326 indemnem
1143 1261 1181 1326 in
1218 1260 1278 1326 ille
1308 1267 1427 1347 psrte;
1461 1266 1496 1327 et

445 1369 465 1401 “
487 1363 600 1428 eedem
622 1360 727 1427 forme
749 1361 1010 1447 manucaptionis
1033 1363 1225 1429 observetur
1239 1362 1281 1429 de
1304 1363 1496 1450 alienigenis

446 1475 464 1503 “
486 1463 653 1552 proedictis
690 1463 748 1549 qui
783 1465 820 1528 in
853 1463 1044 1530 libertatem
1074 1464 1225 1531 civitatis
1257 1465 1424 1550 praediotae
1458 1464 1495 1528 in

444 1575 463 1606 “
487 1567 664 1652 Hustengo
686 1565 889 1632 admittendi
911 1571 999 1647 sunt,
1033 1567 1061 1632 si
1094 1565 1164 1632 sint
1197 1566 1238 1632 de
1272 1566 1386 1653 aliquo
1405 1571 1495 1632 certo

445 1680 464 1709 “
486 1674 628 1736 mestero
651 1668 706 1733 vel
729 1663 854 1749 officio3
877 1674 913 1735 et
934 1669 962 1733 si
985 1691 1053 1734 non
1075 1669 1146 1734 sint
1167 1668 1208 1734 de
1231 1675 1320 1734 certo
1343 1673 1494 1748 mestero,

442 1785 462 1813 “
484 1778 565 1839 tunc
592 1772 629 1834 in
652 1770 841 1837 libertatem
864 1771 1010 1837 civitatis
1032 1770 1177 1857 ejusdcm
1193 1792 1261 1837 non
1275 1770 1495 1836 admittentur

442 1885 462 1914 “
484 1877 555 1942 sine
589 1884 724 1939 ostensu
768 1874 1015 1940 communitatis
1053 1872 1203 1940 civitatis
1232 1872 1343 1952 illius;
1383 1875 1419 1938 et
1445 1871 1494 1936 illi

443 1989 462 2016 “
484 1979 542 2064 qui
563 1976 601 2042 in
622 1975 811 2041 libertatem
833 1975 982 2042 civitatis
1009 1976 1108 2055 illius,
1137 1979 1316 2062 postquem
1347 1975 1492 2061 regimen

442 2091 461 2119 ‘¹
483 2080 576 2168 regni
611 2078 719 2143 nostri
751 2077 961 2165 uueepimus,
994 2083 1111 2144 contre
1140 2077 1261 2144 formes
1284 2076 1493 2164 praeucriptus

440 2194 458 2224 “
480 2188 560 2252 sunt
581 2179 725 2258 admissi,
750 2185 785 2246 et
809 2180 867 2266 qui
893 2183 1008 2246 contre
1029 2179 1176 2265 ipsorum
1203 2178 1436 2265 juramentum
1457 2179 1493 2243 in

441 2297 460 2326 “
482 2288 543 2353 hac
551 2289 646 2373 purte
661 2283 859 2370 praestitum,
874 2282 929 2348 vel
943 2286 1059 2347 contre
1075 2281 1214 2348 Ststute
1228 2281 1377 2347 civitatis
1392 2279 1491 2361 illius,

442 2400 460 2428 “
482 2390 653 2464 venerunt,
678 2390 713 2451 et
734 2384 813 2451 inde
843 2384 993 2470 legitime
1027 2384 1275 2462 convincantur,
1303 2382 1491 2450 libertatem

443 2500 462 2532 “
485 2492 644 2557 emittent
665 2487 811 2552 civitatis
837 2485 1026 2580 prmdictae3
1058 2485 1151 2552 selvo
1174 2507 1308 2573 semper,
1335 2486 1425 2572 quod
1450 2486 1492 2552 de

442 2605 460 2632 “
483 2590 695 2680 apprenticiis
721 2589 758 2654 in
781 2590 894 2654 eedem
918 2589 1056 2654 civitate
1081 2589 1297 2654 observentur
1318 2588 1436 2654 modus
1457 2594 1492 2654 et

442 2709 461 2738 “
483 2698 589 2762 forms
612 2692 742 2777 antiqui
765 2691 913 2756 civitatis
935 2691 1112 2778 praedictae.
1160 2691 1207 2756 Et
1229 2691 1319 2776 quod
1352 2691 1491 2778 singtilis

441 2811 459 2838 “
482 2797 578 2864 annis
600 2796 637 2860 in
660 2794 798 2860 civitate
821 2793 988 2880 praedicte,
1015 2793 1169 2879 quotiens
1200 2814 1280 2879 opus
1310 2791 1418 2872 fuerit,
1443 2793 1492 2858 in·

441 2913 460 2942 “
482 2901 634 2988 quirstur
662 2897 691 2960 si
726 2895 784 2982 qui
818 2894 859 2961 de
897 2895 1054 2962 libertate
1089 2895 1237 2982 ejusdem
1269 2893 1417 2962 civitatis
1448 2896 1490 2961 de

441 3013 459 3044 “
482 3001 578 3070 bonis
623 2998 754 3077 liorum,
779 2998 837 3084 qui
859 3019 928 3062 non
952 3002 1032 3064 sunt
1059 2997 1100 3063 de
1128 2999 1242 3065 eedem
1266 2997 1430 3077 libertate,
1454 2998 1490 3062 in

441 3115 461 3148 “
483 3105 619 3172 civitate
643 3101 702 3165 ille
733 3101 952 3166 mercandises
984 3105 1170 3181 exerceant,
1196 3099 1285 3166 boue
1309 3099 1368 3164 ille
1389 3100 1490 3165 sdvo-

439 3217 459 3248 “
481 3206 585 3276 cando
612 3202 745 3291 proprie
771 3223 831 3268 suc
853 3223 934 3282 esse,
960 3206 1076 3267 contre
1098 3202 1243 3288 ipsorum
1263 3201 1491 3286 jurumentum

441 3321 460 3352 “
481 3315 517 3378 et
540 3311 656 3374 contre
690 3305 878 3370 libertatem
905 3303 1052 3371 civitatis
1085 3303 1272 3390 proedictce3
1302 3309 1338 3369 et
1359 3303 1408 3368 illi
1431 3303 1489 3389 qui

442 3423 460 3450 “
481 3412 560 3478 inde
591 3407 739 3494 legitime
775 3404 918 3471 convicti
944 3405 1078 3484 fuerint,
1117 3405 1307 3470 libertatem
1342 3404 1489 3491 ejusdem

441 3525 459 3555 “
482 3511 628 3581 civitatis
651 3508 818 3574 emittent.
864 3505 910 3572 Et
934 3507 1023 3591 quod
1050 3528 1163 3572 omues
1186 3510 1222 3572 et
1243 3505 1367 3593 singuli
1392 3507 1430 3572 in
1450 3507 1491 3571 li-

441 3627 458 3657 “
480 3617 610 3682 bertete
627 3609 796 3676 ¹civitatis
810 3609 979 3694 praedictae
1002 3609 1194 3686 existentes,
1219 3613 1253 3673 et
1276 3607 1489 3675 libertatibus

440 3727 459 3760 “
481 3741 520 3784 sc
542 3713 655 3781 liberis
677 3710 969 3777 consuetudinibus
999 3709 1147 3797 ejusdem
1173 3709 1322 3776 civitatis
1343 3710 1488 3796 gaudere

369 3848 404 3884 .ι
440 3831 457 3860 “
480 3820 638 3895 volentes,
666 3813 792 3880 sintin
817 3812 918 3878 Lotto
942 3817 976 3878 et
1010 3811 1125 3879 Scotto
1155 3817 1191 3878 et
1220 3811 1397 3898 participes
1419 3835 1488 3880 om-

439 3923 574 3988 “nium
607 3938 745 3983 onerum
777 3936 838 4002 pro
879 3919 972 3980 stetu
1006 3913 1153 3980 civitatis
1183 3914 1330 4001 ejusdem
1364 3919 1399 3980 et
1428 3937 1488 4003 pro

437 4033 457 4064 “
478 4025 632 4090 libertate
654 4017 800 4102 ejusdem
833 4017 1086 4094 manutenendo,
1114 4016 1216 4103 juxte
1246 4021 1488 4083 sacramentum

438 4137 457 4165 “
479 4124 569 4214 quod
591 4123 739 4188 fecerunt
770 4118 904 4205 quendo
937 4119 980 4184 ed
1013 4119 1205 4184 libertatem
1236 4117 1332 4184 illem
1353 4119 1489 4186 admissi

436 4239 456 4269 “
476 4230 630 4304 fuenmt3
677 4228 712 4290 et
734 4222 792 4308 qui
828 4220 889 4286 hoc
925 4221 1076 4300 noluerit,
1115 4221 1303 4286 libertatem
1340 4219 1488 4307 ejusdem

437 4339 455 4370 “
477 4329 624 4399 civitatis
658 4324 805 4391 emittet.
842 4322 888 4389 Et
919 4323 1008 4409 quod
1035 4344 1148 4390 omnes
1178 4328 1213 4390 et
1235 4323 1356 4411 singuli
1382 4324 1425 4390 de
1448 4326 1487 4390 li·

438 4443 457 4472 “
477 4434 608 4500 bertcte
642 4426 789 4495 civitatis
812 4425 902 4491 illius
931 4427 1113 4492 existentes
1138 4430 1174 4493 et
1198 4431 1295 4494 extre
1317 4425 1487 4494 civitatem

561 4768 633 4822 ¹rne
642 4767 713 4822 word
724 4769 739 4798 ‘⁶
747 4765 868 4817 οιύἰίαίοηι
877 4759 891 4788 ”
907 4762 931 4816 is
941 4761 1051 4814 inserted
1061 4759 1165 4826 hereby
1175 4757 1359 4813 necem.
