3600 5822
286 924 328 988 14
345 937 430 986 now.
447 919 501 1010 ιι]
534 932 665 985 rnsson
680 933 726 984 on
742 932 834 984 cons
849 931 997 984 onounn
1013 930 1079 982 son
1095 929 1239 980 sununs,
1270 912 1336 985 327

283 1125 328 1190 ad
358 1145 441 1211 opus
472 1144 569 1188 suum
606 1121 776 1210 proprium
809 1124 955 1207 tempore
989 1117 1126 1187 Domini
1169 1113 1335 1190 Edwardi,

282 1227 388 1314 patris
422 1225 558 1292 Domini
581 1224 682 1312 Regis
708 1245 819 1305 nuno;
847 1228 881 1289 et
912 1227 987 1310 post
1018 1222 1113 1288 iilum
1144 1219 1336 1298 Henrieum,

283 1350 395 1397 omnes
433 1327 576 1414 Majores
613 1327 710 1394 dietoe
750 1327 897 1394 civitatis
938 1326 1097 1392 haetenus
1142 1323 1337 1412 praediotasn

282 1437 465 1498 custumam
491 1431 696 1510 levaverunt,
713 1430 757 1496 ad
776 1451 858 1516 opus
884 1451 980 1496 suum
1002 1427 1180 1516 proprium,
1197 1424 1337 1512 singulis

282 1535 351 1600 suis
365 1533 579 1622 temporibus,
595 1539 630 1600 et
653 1532 865 1600 retinuerunt
879 1555 887 1613 ;
902 1535 1024 1620 praeter
1039 1528 1206 1618 stipendia
1221 1527 1335 1594 minis·

281 1642 408 1704 trorum
432 1637 626 1704 facientium
641 1635 767 1704 dietum
790 1635 973 1722 Pesagium,
989 1633 1141 1721 quamvis
1156 1630 1336 1718 aliquando

281 1760 349 1806 non
380 1739 490 1806 fiebat.
545 1739 592 1805 Et
613 1743 817 1826 praesentant
853 1737 1025 1803 iuratores
1054 1734 1214 1824 praedicti,
1246 1733 1337 1820 quod
1347 1749 1476 1800 memes

281 1841 369 1910 oboli
385 1842 426 1908 de
453 1842 542 1908 dieta
562 1844 722 1919 eustuma,
745 1845 780 1906 et
804 1840 906 1906 etiam
928 1838 1076 1926 suanm
1097 1859 1156 1925 pro
1179 1836 1336 1924 praedicto
1346 1802 1496 1952 ffiinffln

282 1943 420 2032 Pesogio
434 1943 595 2024 iaciendo,
613 1944 798 2010 alienantur
820 1963 880 2030 per
903 1942 1064 2027 Majorem
1087 1940 1460 2051 Londoniarumorgrepp

281 2053 318 2114 et
332 2047 574 2114 Aldermannos
588 2047 626 2112 in
648 2047 892 2113 examinatione
916 2046 1039 2112 Assiaae
1053 2046 1158 2132 panis,
1174 2050 1209 2111 et
1222 2044 1337 2110 Assisa
1346 2017 1423 2102 idad

281 2151 359 2217 inde
381 2151 526 2218 tenenda
539 2175 548 2232 ς
571 2155 606 2216 et
621 2151 717 2237 quod,
735 2150 902 2216 oeoasione
917 2148 1016 2216 dietae
1038 2153 1206 2227 austum,
1221 2147 1336 2214 Assisa
1346 2119 1471 2204 diffie„

283 2254 379 2341 panis
404 2255 442 2319 in
463 2253 607 2342 pondere
631 2253 789 2320 demesoit
814 2257 849 2320 et
878 2253 1071 2334 minoratur,
1103 2251 1147 2317 ad
1177 2251 1335 2317 damnum
1346 2209 1496 2256 nasum

281 2360 397 2448 populi
418 2360 567 2427 civitatis
582 2363 616 2425 et
630 2360 780 2439 otiorum,
796 2381 914 2446 panem
929 2357 1110 2426 ementium
1124 2384 1133 2442 ;
1155 2379 1213 2446 per
1236 2358 1333 2445 quod,

281 2469 451 2551 precatum
472 2469 524 2530 est
553 2463 821 2544 vicecomitibus,
851 2462 940 2549 quod
970 2463 1084 2529 venire
1113 2461 1238 2528 fatiant
1262 2461 1493 2546 Ha-Pmettn

281 2587 413 2633 monem
435 2566 476 2632 de
500 2563 707 2654 Ghigewelle,
730 2587 836 2654 nuper
851 2564 1020 2651 Majorem‚
1043 2569 1111 2644 eto,
1135 2564 1178 2630 od
1200 2586 1333 2652 respon·
1345 2535 1503 2687 {griffi

282 2669 427 2736 dandum
442 2669 586 2735 Domino
610 2669 695 2758 Regi
717 2667 759 2734 ds
781 2675 930 2757 tempore
953 2689 1013 2736 suo
1035 2689 1134 2757 super
1147 2667 1333 2756 praemissis,
1346 2691 1451 2738 thenon,

282 2777 343 2838 etc.

325 2873 373 2942 Et
386 2873 494 2942 dietus
509 2873 629 2954 Hamo,
652 2895 757 2964 nuper
771 2873 888 2962 Major,
905 2881 974 2958 ete,
995 2873 1119 2944 scilieet
1139 2895 1227 2942 anno
1242 2872 1336 2963 regui
1347 2871 1481 2980 {mih

282 2976 382 3066 Regis
403 2999 493 3044 nune
518 2978 603 3058 xiii⁰‚
635 2979 738 3060 venit,
766 2983 809 3058 et
833 3001 933 3066 super
960 2980 1139 3066 praemissis
1161 2979 1333 3060 allocutus,
1347 2977 1503 3025 assumto.

282 3080 474 3167 dicitquod
508 3085 655 3169 tempore
685 3101 752 3168 quo
784 3081 851 3148 fuit
883 3081 992 3168 Major
1022 3082 1168 3149 civitatis
1203 3081 1335 3148 Londo-

280 3183 417 3262 niarum,
428 3185 515 3272 cepit
529 3190 716 3251 custumam
730 3184 924 3272 praedictam
939 3184 981 3251 de
995 3184 1183 3272 pistoribus,
1199 3185 1331 3266 scilieet,

281 3307 341 3373 pro
363 3285 513 3373 quolibet
527 3289 694 3375 quarterio
717 3287 876 3354 &umenti
897 3288 1049 3354 molendo
1063 3307 1168 3354 unum
1191 3287 1332 3369 obolum,

281 3394 317 3455 et
338 3394 522 3456 custmnam
551 3389 643 3456 illam
674 3389 718 3456 ad
751 3391 882 3457 firmam
905 3391 1040 3470 dimisit,
1065 3391 1225 3478 capiendo
1256 3390 1334 3458 inde

281 3491 322 3558 de
345 3493 490 3558 firmario
509 3493 658 3579 qualibet
677 3493 863 3581 septimana
875 3493 925 3560 nii
940 3493 1061 3560 solidos
1083 3493 1127 3560 ad
1141 3515 1223 3582 opus
1237 3515 1335 3561 suum

282 3595 458 3682 proprium,
476 3617 537 3682 pro
559 3597 714 3684 expensis
732 3597 942 3665 inveniendis
960 3598 1005 3664 ad
1024 3597 1221 3685 praedictum
1236 3597 1335 3666 Posa-

280 3696 374 3784 gium
394 3696 603 3780 faciendum
637 3704 672 3766 et
698 3700 787 3780 dioit,
812 3702 900 3788 quod
922 3701 981 3767 alii
1003 3700 1147 3788 Majores
1169 3700 1337 3768 Londoni·

281 3820 384 3880 arum,
409 3800 467 3887 qui
489 3801 582 3888 prius
603 3801 738 3869 fitenmt
760 3804 910 3890 Maiores,
943 3805 1097 3872 similiter
1118 3810 1335 3893 pereeperunt

282 3902 419 3968 eandem
442 3909 626 3971 custumem
656 3906 698 3974 do
728 3907 907 3994 pistoribus
938 3908 1193 3990 Londoniarum,
1224 3914 1264 3975 ut
1294 3909 1336 3975 de

276 4006 352 4094 jure
384 4007 630 4074 communitatis
662 4009 908 4076 Londoniarum
920 4035 929 4093 ;
963 4017 998 4078 et
1029 4013 1117 4092 dicit,
1149 4013 1239 4099 quod
1267 4035 1336 4080 non

280 4114 391 4196 potest
419 4129 489 4176 rem
519 4111 619 4177 istam
650 4113 720 4178 sine
741 4115 901 4200 pmdiota
930 4115 1166 4182 communitate
1188 4117 1226 4181 iu
1243 4117 1333 4204 judi·

281 4213 369 4278 eium
403 4213 586 4296 deducere3
618 4219 654 4282 et
683 4217 770 4303 petit
802 4217 891 4304 quod
918 4217 1078 4305 praedieta
1111 4220 1334 4286 communitas
1346 4237 1462 4333 nepa„

280 4316 395 4382 veniat
416 4315 460 4382 ad
482 4318 744 4405 respondendum
773 4319 873 4386 simul
904 4333 978 4386 eum
1008 4319 1081 4408 ipso
1104 4321 1268 4405 Hemone,
1298 4289 1467 4389 indidi

280 4420 444 4485 amilium
466 4420 570 4508 ipsius
594 4421 757 4488 Hamonis
779 4423 815 4488 in
837 4423 900 4490 hae
920 4429 1023 4511 parte,
1049 4429 1109 4490 ete
1156 4424 1238 4520 Ideo
1261 4389 1492 4534 ipsaffiiiffiid

280 4522 500 4590 communitas
522 4526 710 4592 sumonitur
731 4526 820 4613 quod
842 4528 888 4594 sit
914 4528 967 4593 hie
993 4527 1047 4593 dis
1073 4526 1213 4596 Veneris
1237 4504 1493 4638 prox-pippssiir'

281 4625 348 4692 imo
370 4633 447 4714 post
469 4627 671 4714 quindenam
694 4629 836 4710 Pasehae,
852 4631 898 4696 ad
912 4631 1175 4719 respondendum
1190 4632 1334 4699 Domino
1347 4644 1468 4689 memon-

281 4727 374 4816 Regi,
391 4729 491 4799 simul
513 4753 588 4800 oum
610 4733 769 4820 praedioto
792 4731 957 4817 Hemone,
978 4694 1495 4818 ete.‚siv01uerit,etsiii⁸.⁰⁰⁰“¹‘
