3648 5816
459 891 503 958 60
793 905 897 955 muru
918 899 1164 956 cuorumnuu.

505 1088 593 1156 1111.
617 1090 668 1155 De
695 1089 969 1157 ordinationibus
993 1087 1075 1156 dieti
1103 1085 1220 1154 Officii.

503 1193 542 1258 V.
566 1194 618 1258 De
644 1192 768 1258 Pannie
797 1191 954 1258 rollandis
978 1197 1075 1259 extre
1098 1189 1293 1258 Civitatem.

505 1295 563 1360 VI.
588 1295 639 1362 De
662 1293 927 1380 Inquisitoribue.
991 1355 994 1364 .

505 1397 584 1464 VII.
609 1398 661 1463 De
683 1397 829 1462 Bleoohe

505 1499 603 1566 VIII.
629 1498 679 1566 De
705 1499 792 1586 Lege
816 1496 1019 1562 Telnriorum
1043 1499 1078 1563 et
1105 1495 1283 1562 Fullonum
1308 1493 1510 1580 Wyntoniae.

506 1601 567 1667 IX.
593 1601 644 1666 De
657 1601 744 1689 Lege
770 1599 947 1666 eorundem
973 1598 1063 1685 apud
1088 1597 1302 1685 Morleberge.

506 1704 546 1770 X.
571 1704 723 1792 DeLege
749 1702 930 1769 eorumdem
955 1701 1045 1788 opud
1070 1700 1243 1766 Oxonium.

506 1807 567 1874 XI.
592 1807 644 1873 De
654 1807 741 1894 Lege
767 1805 946 1873 eorumdem
973 1804 1063 1892 apud
1093 1803 1314 1871 Beverlnoum.

506 1908 585 1975 XII.
608 1909 715 1976 Breve
729 1909 771 1974 de
785 1908 950 1974 mittendo
966 1906 1132 1973 hominem
1153 1906 1329 1973 discretum
1344 1906 1381 1972 in
1397 1905 1512 1972 Partes

462 2011 721 2089 transmarinas,
746 2032 820 2077 oum
849 2009 951 2075 Lenis
975 2013 1010 2077 et
1035 2008 1141 2076 Ooriis
1164 2008 1300 2075 Domini
1324 2009 1434 2097 Regis.

506 2113 606 2181 XIII.
631 2114 682 2180 Pe
698 2112 904 2180 Executione
929 2111 1011 2179 dieti
1036 2111 1197 2178 Monduti

505 2215 628 2283 XIIII.
654 2218 760 2282 Breve
801 2214 939 2282 Domini
974 2214 1137 2282 Willelmi
1170 2214 1254 2302 lnge
1287 2237 1348 2303 pro
1372 2213 1511 2300 Appello

461 2319 649 2386 Probatoris
665 2318 886 2386 Glouoestriae.

505 2423 578 2490 XV.
602 2421 707 2488 Aliud
733 2423 840 2488 Breve
854 2443 914 2508 pro
937 2420 1060 2487 eodem.

506 2524 597 2590 XVI.
621 2524 726 2590 Aliud
753 2523 861 2590 Breve
884 2545 944 2611 pro
971 2523 1094 2589 eodem.

506 2625 619 2692 XVII.
644 2625 830 2692 Retumum
861 2625 1093 2712 praediotorum
1123 2623 1291 2690 Brevium.

506 2727 642 2793 XVIII.
659 2727 765 2794 Breve
780 2729 823 2794 ad
843 2729 1045 2794 mittendum
1061 2726 1160 2794 Cives
1175 2727 1218 2792 nd
1242 2725 1508 2790 Parliumentum

505 2830 599 2895 XIX.
624 2829 750 2897 Electio
782 2830 928 2896 Gelfiidi
953 2830 995 2896 de
1029 2828 1181 2895 Nortone
1211 2834 1246 2895 et
1283 2827 1441 2894 willelmi
1470 2828 1511 2892 de
1541 2845 1543 2848 ·

461 2935 620 3022 Betoyne,
647 2931 691 3000 ud
716 2932 806 2999 idem
829 2933 1000 3023 negotium
1023 2931 1219 2998 faciendum.

342 3337 349 3350 .
383 3319 417 3352 a.
506 3274 534 3339 Ι.
560 3273 639 3358 †De
663 3270 964 3360 Nootivaguntibus
988 3268 1150 3358 ponendis
1173 3267 1209 3334 in
1234 3267 1376 3334 Tonello.

505 3377 554 3443 II.
578 3376 659 3459 tDe
679 3374 838 3442 Tabernis
862 3372 1060 3441 claudendis.

505 3479 572 3545 ΙΙΙ.
596 3480 677 3563 †De
703 3477 829 3546 Soholis
854 3475 1036 3543 Eskenuiae
1062 3474 1216 3542 delendis.

505 3582 591 3648 IIII.
616 3582 696 3666 †De
712 3578 990 3668 Inquisitionibus
1004 3576 1161 3645 semendis
1182 3577 1218 3643 in
1235 3574 1457 3643 Wnrdemotis
1472 3576 1512 3641 de

461 3684 734 3752 Malefootoribue

505 3788 544 3854 V.
569 3786 619 3854 De
645 3786 788 3873 quadum
814 3783 1050 3852 Prosecutione
1074 3781 1163 3848 iente
1193 3804 1252 3870 per
1267 3780 1446 3868 Hugonem
1471 3780 1512 3846 de

460 3889 638 3969 Waltham,
657 3889 829 3970 Olerioum,
851 3889 893 3954 nd
909 3886 1155 3955 exonerandum
1179 3886 1277 3954 Cives
1300 3885 1342 3952 de
1357 3884 1510 3971 Quinque

461 3993 583 4058 Marcis
606 3990 733 4057 annuis.
1039 4075 1048 4080 .

503 4094 562 4160 vl.
587 4095 639 4160 De
665 4091 817 4159 Servitiis
843 4098 877 4160 et
893 4091 1121 4160 Libertatibus
1137 4091 1274 4159 Roberti
1295 4089 1358 4156 filii
1372 4087 1511 4157 Walteri

458 4199 495 4264 in
520 4197 709 4278 Londoniis,
735 4201 882 4284 tempore
900 4197 1043 4264 Guerrae.

504 4301 583 4367 VII.
607 4302 659 4366 De
684 4298 909 4366 Libertatibue
935 4299 1089 4387 ejusdem,
1115 4303 1262 4384 tempore
1286 4293 1386 4364 Paoiu

504 4405 603 4472 VIII.
628 4403 735 4470 Breve
767 4402 867 4489 Regis
907 4401 1028 4488 Majori
1058 4406 1093 4467 et
1131 4399 1386 4468 Vioeeomitibuu
1424 4399 1510 4466 Lon·

458 4507 641 4586 donierum,
669 4527 767 4592 snper
789 4501 963 4571 Statutum
989 4503 1192 4592 Wyntoniae.

504 4611 565 4677 IX.
589 4608 694 4676 Aliud
710 4607 818 4674 Breve
838 4607 879 4673 de
895 4607 1016 4673 eodem.

504 4713 545 4778 X.
568 4713 620 4778 De
662 4711 805 4799 quodem
838 4709 974 4777 Littera
1006 4705 1178 4788 Oitntorie,
1206 4707 1333 4775 directo
1359 4705 1510 4774 Praelatie

459 4815 607 4881 Frunoiae
630 4837 689 4901 per
715 4812 896 4880 Dominum
924 4811 1060 4900 Pupam.
