3648 5816
278 904 461 993 18snw.1,]
487 915 649 971 onssrns
671 917 714 971 ro
737 917 806 970 rnn
827 917 985 970 srrrznss
1007 921 1052 971 or
1074 920 1239 974 oonossn
1287 903 1330 976 67

276 1115 294 1144 “
319 1105 516 1195 Proepositis‚
537 1104 709 1188 ministris,
726 1108 760 1171 et
778 1104 932 1172 omnibus
954 1104 1037 1187 aliis,
1053 1105 1186 1174 ballivis
1201 1112 1235 1174 st
1248 1107 1328 1174 fide·

274 1217 293 1248 “
316 1209 403 1277 libus
418 1211 494 1290 suis,
514 1210 662 1276 salutem.
704 1208 916 1296 Inspeximus
931 1209 1099 1291 Chartam,
1116 1233 1216 1298 quam
1233 1211 1329 1278 bonae

275 1320 296 1352 “
319 1314 486 1380 memorias
511 1313 676 1378 Dominus
692 1309 867 1391 Reatinus,
892 1312 975 1394 Res,
999 1318 1094 1400 pater
1116 1319 1236 1394 noster,
1252 1314 1331 1380 feeit

276 1417 447 1483 “civibus
477 1416 518 1482 de
549 1413 704 1496 Colonia,
727 1415 764 1478 in
787 1415 859 1482 haec
888 1416 1046 1480 verba—‘
1062 1415 1236 1496 Henricus,
1267 1417 1332 1482 Dei

276 1523 295 1555 “
319 1515 452 1607 ‘gratia
473 1521 543 1598 eta,
563 1517 834 1605 Arohiepisoopis,
850 1521 910 1584 etr,
957 1517 1076 1584 Sciatis
1091 1537 1153 1583 nos
1167 1519 1330 1605 quietum-

277 1627 294 1658 “
318 1619 506 1699 ‘clamasse
530 1641 591 1708 pro
620 1621 717 1686 nobis
747 1625 784 1686 et
812 1618 1001 1687 haeredibus
1030 1621 1162 1701 nostris,
1194 1621 1331 1688 dilectos

274 1733 295 1763 “
321 1723 439 1791 ‘nobis
470 1725 559 1790 rives
582 1721 623 1788 de
650 1722 798 1803 Colonia,
830 1729 865 1789 et
886 1723 1127 1790 meroendissm
1156 1745 1258 1804 suam,
1290 1725 1332 1791 de

277 1833 295 1864 “
320 1825 408 1894 ‘illis
438 1827 568 1893 duobus
591 1825 704 1892 solidis
732 1847 812 1913 quos
839 1825 991 1893 solebant
1018 1827 1096 1892 dare
1121 1827 1162 1892 de
1189 1825 1333 1893 Gihalds

277 1939 295 1965 “
320 1936 402 1995 ‘sna
434 1927 689 2007 bondonisrum,
723 1933 757 1994 st
785 1927 826 1995 de
849 1929 1003 1995 omnibus
1027 1929 1101 1996 aliis
1125 1928 1333 1996 eonsuetudi-

276 2041 294 2068 “
320 2033 442 2098 ‘nibus
466 2037 501 2097 et
527 2030 699 2097 domandis
721 2052 795 2117 quse
820 2033 991 2118 pertinent
1016 2031 1060 2097 sd
1089 2053 1150 2098 nos
1179 2033 1216 2097 in
1247 2032 1333 2097 Lon·

279 2143 297 2172 “
320 2135 460 2216 ‘doniis
490 2140 525 2200 et
554 2155 613 2222 per
646 2139 752 2201 totam
786 2139 911 2200 terram
948 2139 1098 2200 nostram
1127 2136 1164 2200 in
1202 2134 1341 2223 Anglia

279 2249 298 2280 “
322 2236 573 2306 ‘Concessimus
592 2238 691 2304 etism
713 2237 767 2316 eis,
785 2237 915 2303 salvum
937 2239 986 2304 ire
1010 2242 1045 2304 et
1069 2239 1197 2304 salvum
1219 2237 1333 2304 venire

279 2348 297 2378 “
321 2341 382 2406 ‘in
404 2346 511 2408 totam
539 2347 664 2406 terram
695 2346 853 2422 nostram,
884 2346 918 2407 ot
949 2341 1039 2428 qnod
1069 2340 1174 2408 libere
1205 2340 1333 2429 possint

280 2445 298 2480 “
321 2445 393 2510 ‘irs
420 2445 463 2510 ad
479 2443 592 2509 Ferias
615 2465 673 2532 per
703 2447 811 2510 totam
839 2449 962 2509 terram
986 2450 1143 2526 nostram,
1168 2449 1204 2511 et
1226 2465 1332 2511 emere

279 2553 296 2582 “
321 2553 378 2613 ‘et
400 2547 552 2628 vendere,
576 2552 611 2612 et
634 2548 670 2612 in
693 2547 775 2612 villa
797 2547 1044 2614 Londoniarum
1072 2554 1107 2614 et
1128 2549 1216 2627 alibi,
1240 2548 1333 2615 salva

281 2659 298 2685 ‘¹
320 2650 499 2716 ‘libertate
521 2651 668 2716 civitatis
694 2655 816 2717 nostras
844 2651 1095 2718 Londonisrum
1144 2651 1253 2732 Quare
1275 2673 1333 2718 vo·

280 2759 298 2788 “
323 2753 464 2832 ‘lamus
495 2759 530 2820 ot
559 2754 700 2819 firmiter
723 2753 938 2840 prrsripimus,
966 2775 1026 2840 pro
1048 2754 1143 2821 nobis
1175 2760 1210 2822 st
1232 2755 1334 2821 haere-

280 2863 299 2892 “
323 2855 444 2922 ‘dibus
489 2859 620 2938 nostris,
659 2856 747 2944 quod
784 2857 935 2944 praedieti
976 2858 1064 2924 cives
1103 2857 1144 2924 de
1195 2857 1334 2924 Colonia

281 2967 300 2995 “
325 2958 604 3048 ‘praenominatss
635 2959 807 3025 libertates
844 2964 879 3025 et
920 2958 1040 3025 liberas
1080 2959 1333 3027 eonsuetudines

281 3069 299 3099 “
323 3063 493 3129 ‘habeant
522 3085 581 3149 per
610 3063 718 3127 totam
748 3065 872 3127 terram
901 3064 1049 3128 nostram
1076 3062 1218 3153 Angliae,
1248 3065 1333 3128 siout

282 3172 299 3202 “
325 3165 544 3253 ‘praediotum
589 3170 648 3232 est.
711 3165 789 3230 Hiis
820 3164 971 3245 testibus,
1001 3164 1183 3232 venerabili
1228 3171 1332 3253 patre,

281 3274 299 3304 “
323 3277 333 3308 ⁶
351 3267 528 3355 W[altero]
546 3267 753 3333 Karleolensi
770 3268 940 3356 Episcopo,
957 3271 992 3334 et
1007 3267 1088 3334 eliis.
1135 3268 1261 3334 Datum
1276 3289 1335 3357 per

282 3378 300 3406 “
326 3381 465 3437 ‘manus
510 3369 710 3436 venerabilis
755 3370 866 3456 patris,
900 3369 1068 3458 Radulpbi
1115 3370 1334 3438 Cecestrensis

282 3481 299 3510 “
323 3475 509 3562 ‘Episcopi
542 3471 738 3540 Oanoellarii
767 3473 881 3554 nostri,
913 3474 1001 3560 apud
1024 3472 1185 3558 Dsyntro,
1218 3479 1334 3541 ootsvo

282 3583 300 3612 “
325 3577 402 3643 ‘die
424 3576 634 3654 Novembris,
667 3596 755 3641 snno
785 3575 880 3662 regni
909 3575 1016 3641 nostri
1039 3575 1213 3642 vioesimo.'
1263 3575 1334 3644 Nos

281 3687 300 3715 “
323 3679 421 3758 enim,
438 3679 830 3766 quietam-clamationem
851 3683 885 3744 et
907 3679 1144 3744 oonoessionem
1162 3679 1335 3767 predictas

284 3789 301 3817 “
324 3787 415 3848 ratas
444 3783 604 3848 habentes
635 3787 669 3846 et
694 3785 819 3866 gratas,
849 3802 913 3862 eas,
946 3802 1006 3868 pro
1037 3780 1134 3847 nobis
1166 3787 1201 3847 et
1231 3783 1334 3850 bseres

283 3891 300 3920 “
324 3883 422 3951 dibus
444 3885 575 3963 nostris,
600 3888 763 3970 quantum
786 3883 822 3948 in
845 3883 941 3949 nobis
965 3887 1026 3964 est,
1063 3885 1230 3971 praedietis
1256 3886 1336 3952 eivi-

283 3993 301 4022 “
322 3988 384 4053 bus
422 3987 462 4052 de
498 3985 635 4053 Colonia
664 3987 870 4052 concedimus
904 3991 939 4053 et
974 3987 1216 4070 confirmamus,
1248 3989 1335 4056 siout

284 4096 302 4126 ‘¹
326 4090 451 4156 Charta
465 4089 625 4177 praerliota
642 4089 886 4156 rationabiliter
900 4094 1053 4158 testatur.
1094 4091 1171 4157 Hiis
1185 4093 1335 4171 testibus,

285 4203 301 4228 “
324 4192 505 4260 venerabili
528 4198 630 4280 patre,
666 4191 843 4280 R[obe1to]
870 4193 1087 4260 Batboniensi
1120 4199 1154 4260 et
1179 4195 1336 4262 Wellensi

283 4304 300 4332 “
325 4297 496 4384 Episcopo,
507 4295 710 4363 Oanoellario
725 4301 856 4380 nostro;
873 4297 1049 4364 Edmundo
1065 4297 1193 4363 Comite
1210 4297 1336 4366 Cornu·

285 4405 303 4435 “
325 4399 397 4480 biae,
423 4400 666 4487 consanguineo
688 4403 801 4465 nostro
813 4422 822 4481 ;
852 4398 1001 4466 Waltero
1028 4401 1068 4465 de
1085 4399 1178 4466 Bello
1202 4399 1336 4490 Campo,

286 4510 303 4537 “
327 4503 512 4569 Senesoallo
526 4503 663 4590 hospitii
686 4503 811 4582 nostri;
835 4501 978 4569 Ricardo
995 4504 1036 4568 de
1051 4503 1173 4583 Bosco;
1189 4503 1336 4572 Walters

285 4606 367 4671 “de
398 4606 432 4671 la
467 4605 574 4692 Haya,
599 4611 634 4671 et
656 4605 735 4670 aliis.
787 4605 913 4672 Datum
940 4627 999 4692 per
1020 4627 1157 4671 manum
1180 4613 1334 4690 nostram,

287 4713 305 4743 “
328 4709 415 4794 apud
441 4707 634 4794 Langeleye,
666 4707 776 4774 xxviii
811 4709 863 4774 dio
890 4707 983 4789 Julii,
1007 4731 1093 4775 anno
1116 4711 1210 4798 regni
1232 4714 1337 4781 nostri

285 4817 304 4845 ‘¹
328 4809 611 4879 decimo-octavo.''

1135 4931 1201 4995 nt
