3462 5836
238 891 280 957 11
301 905 388 957 nnv.
405 892 457 980 11.]
514 907 677 960 innocus
699 907 899 962 nnarvnnuu
922 909 967 962 ar
988 911 1058 962 run
1081 911 1170 963 mun.
1227 898 1291 964 355

233 1107 432 1194 quisitiones
460 1107 564 1176 factes
597 1133 657 1198 per
688 1113 891 1200 preceptum
924 1111 1065 1178 Domini
1096 1111 1197 1201 Regis
1232 1136 1292 1202 pro

231 1211 364 1291 defalta,
419 1235 495 1279 cum
542 1235 601 1301 per
651 1213 791 1282 eandem
838 1216 1098 1281 sumonitionem
1142 1238 1290 1303 personae

232 1315 386 1380 venerint
408 1315 605 1382 sufficientes
628 1317 673 1382 ad
694 1317 886 1405 hujusmodi
910 1318 1148 1404 Inquisitiones
1170 1319 1290 1385 facien-

231 1415 313 1497 das;
336 1423 371 1484 et
393 1424 555 1505 quantum
589 1419 742 1507 ceperint,
768 1426 802 1486 et
824 1444 845 1486 8
866 1421 994 1508 quibua,
1019 1422 1184 1488 occasione
1206 1443 1292 1512 pree-

233 1518 330 1599 dicta,
355 1525 390 1586 et
412 1543 432 1586 a
455 1541 520 1606 quo
542 1525 697 1608 tempore.

281 1620 332 1688 De
357 1621 615 1689 Vicecomitibus
638 1623 696 1710 qui
719 1623 920 1690 tradiderint
945 1625 1088 1692 ballivae
1111 1627 1289 1693 extorscri-

235 1723 305 1803 bus,
341 1725 500 1812 populum
531 1726 749 1812 gravantibus
778 1727 868 1791 ultra
907 1727 1051 1807 modum,
1085 1729 1289 1796 Hundredo-

234 1847 319 1908 rum,
337 1827 690 1915 Wappentatchiorum,
714 1829 973 1916 Trydingorum,
1003 1837 1037 1896 et
1060 1831 1142 1897 alias
1164 1833 1286 1914 firmas,

235 1934 276 1995 ut
299 1929 368 1995 ¹sic
398 1953 474 1996 suas
503 1931 616 1996 firmae
649 1931 798 1997 levarent
810 1957 819 2014 ;
850 1937 885 1998 et
918 1931 976 2019 qui
1007 1931 1132 2000 fuerint
1161 1935 1287 2015 ballivi,

235 2038 269 2098 et
300 2033 420 2119 quibus
443 2032 567 2100 fuerint
596 2033 786 2120 hujusmodi
813 2034 936 2100 damna
965 2033 1069 2116 illata,
1102 2041 1136 2102 et
1172 2057 1193 2101 a
1223 2057 1288 2124 quo

234 2139 390 2223 tempore.

280 2236 331 2304 De
354 2237 610 2305 *vicecomitibus
632 2239 690 2326 qui
713 2238 836 2326 pluries
860 2259 960 2325 quam
986 2239 1039 2305 bis
1068 2240 1194 2308 faciunt
1216 2247 1286 2308 tur-

234 2359 316 2406 num
346 2341 501 2406 suumin
531 2363 627 2420 anno,
652 2347 687 2408 et
716 2364 737 2406 8
767 2363 832 2428 quo
862 2347 1018 2430 tempore.

280 2443 376 2524 Item,
408 2465 482 2509 cum
521 2445 604 2509 fines
642 2445 683 2510 de
722 2443 938 2511 redisseieinis
965 2449 1025 2509 aut
1055 2445 1286 2533 purpresturis,

230 2544 328 2611 factis
359 2567 457 2633 super
485 2551 608 2612 terram
630 2546 684 2612 vel
706 2569 803 2634 super
825 2569 954 2633 aquam,
979 2569 1039 2636 pro
1065 2549 1285 2615 occultatione

234 2649 379 2716 thesauri
403 2654 437 2715 et
460 2649 533 2714 aliis
566 2649 757 2736 hujusmodi
788 2671 862 2736 quae
884 2650 928 2716 ed
955 2649 1137 2716 Dominum
1161 2651 1283 2739 Regem

231 2751 429 2838 pertineant,
445 2756 480 2816 et
495 2750 539 2816 ad
548 2751 771 2832 vicecomites,
788 2751 1001 2838 ”hujusmodi
1016 2754 1284 2833 attachiamenta,

231 2854 289 2942 qui
311 2859 466 2941 ceperunt
487 2855 569 2919 fines
591 2853 789 2941 hujusmodi,
806 2861 841 2920 et
862 2877 883 2921 8
906 2856 1032 2941 quibus,
1057 2861 1092 2921 et
1114 2863 1285 2943 quantum,

124 2951 128 2958 ’
232 2960 267 3021 81
296 2979 318 3020 8
348 2978 411 3043 quo
451 2961 606 3043 tempore.
670 2957 769 3036 Item,
808 2957 866 3045 qui
904 2962 1068 3044 potestate
1102 2959 1201 3026 officii
1234 2961 1285 3024 sui

232 3057 357 3144 aliquos
392 3059 678 3138 occasionaverint,
704 3064 738 3124 et
761 3081 819 3146 per
844 3060 906 3124 hoc
937 3061 1138 3126 extorserint
1169 3067 1282 3141 terras,

229 3161 387 3240 redditus,
405 3167 439 3227 et
453 3160 536 3227 81188
551 3161 787 3249 praestationes,
805 3168 839 3227 et
863 3183 883 3226 a
905 3183 970 3248 quo
985 3168 1139 3250 tempore.
1187 3163 1282 3242 Item,

232 3263 290 3350 qui
313 3265 459 3350 ceperint
474 3265 669 3330 mandatum
686 3263 823 3329 Domini
839 3261 940 3350 Regis
955 3269 994 3329 ut
1009 3264 1123 3330 debita
1137 3286 1198 3329 sua
1220 3265 1284 3331 sol·

232 3371 356 3444 verant,
374 3372 409 3430 et
425 3389 445 3431 a
460 3367 677 3433 creditoribus
701 3365 845 3451 aliquam
868 3365 1055 3452 portionem
1081 3367 1229 3454 ceperint
1243 3373 1283 3434 ut

231 3467 278 3534 eis
299 3469 467 3534 residuum
491 3468 665 3550 solverent,
690 3474 724 3534 ct
746 3467 961 3533 nihilominus
983 3474 1093 3535 totum
1118 3469 1181 3535 sibi
1204 3470 1284 3537 allo·

231 3571 298 3636 cari
328 3570 465 3635 fecerint
493 3573 530 3636 in
553 3571 721 3637 Scaccario
745 3571 800 3635 vel
824 3571 914 3652 alibi,
938 3575 973 3636 et
997 3593 1017 3636 a
1040 3593 1104 3658 quo
1126 3577 1282 3659 ternpore.

233 3671 299 3753 Qui
330 3675 477 3759 ceperint
510 3673 624 3738 debita
655 3673 763 3760 Regis,
796 3671 851 3738 vel
879 3678 1008 3759 partem
1031 3673 1225 3753 debitorum,
1249 3681 1285 3740 et

232 3775 397 3840 debitores
419 3775 493 3840 illos
527 3797 594 3840 non
629 3775 707 3841 inde
734 3774 925 3860 acquietent
937 3800 945 3856 ;
970 3779 1041 3840 tam
1071 3775 1112 3842 de
1134 3781 1282 3865 tempore

231 3875 368 3942 Domini
394 3876 493 3964 Regis
520 3876 657 3944 Henriei
687 3899 787 3963 quam
812 3877 854 3942 do
883 3883 1030 3964 tempore
1063 3899 1281 3945 successorum

231 3998 372 4043 suorum.

276 4079 342 4160 Qui
385 4081 567 4148 sumonivit
609 4081 735 4169 aliquos
768 4084 808 4146 ut
843 4079 962 4147 fierent
994 4077 1126 4161 milites,
1158 4087 1193 4149 81
1221 4103 1282 4170 pro

230 4187 380 4271 respectu
410 4183 562 4251 habendo
585 4185 628 4250 ab
658 4185 705 4250 818
738 4183 867 4249 lucrum
897 4185 1066 4270 ceperint,
1099 4191 1133 4249 et
1164 4207 1185 4250 a
1215 4207 1280 4272 quo
1318 4215 1425 4264 rm

229 4290 383 4373 tempore,
409 4291 443 4353 et
466 4292 637 4373 quantum,
666 4285 751 4353 8181
783 4286 840 4372 qui
871 4291 1043 4372 magnates
1073 4286 1185 4352 etalii
1209 4288 1281 4354 sine

229 4394 393 4476 praecepto
424 4389 560 4454 Domini
586 4389 685 4477 Regis
715 4387 947 4454 distrinxerint
968 4387 1094 4474 aliquos
1116 4389 1160 4454 ad
1189 4411 1281 4456 arma

235 4490 449 4578 suscipienda,
476 4496 510 4556 et
540 4512 648 4577 aquo
670 4497 825 4577 tempore.

264 4729 271 4758 ¹
295 4727 358 4779 This
372 4731 441 4780 word
452 4729 474 4780 18
485 4733 602 4794 repeated
612 4731 647 4794 by
657 4729 728 4780 inad·
795 4729 806 4758 ²
817 4727 881 4778 Thia
889 4741 993 4793 passage
1003 4727 1033 4792 is,
1040 4735 1066 4780 to
1074 4728 1108 4778 all
1119 4743 1280 4794 appearance,

231 4813 354 4860 verteme
762 4806 898 4871 imperfect.

1079 4934 1144 4996 82
