3648 5816
460 847 502 916 96
791 861 895 914 umus
917 857 1164 914 cussuusnuu
1312 843 1371 938 [ιθ
1388 862 1472 915 now.
1488 864 1511 916 1.

319 1077 415 1126 ΜΗ),
458 1039 631 1116 Dominica
661 1047 812 1136 proximu
841 1053 914 1134 post
943 1047 1065 1114 festum
1092 1047 1207 1114 Sancti
1230 1045 1325 1114 Petri
1356 1047 1400 1113 cd
1429 1048 1511 1114 Vin·

458 1153 539 1232 culu,
555 1173 643 1219 enno
657 1151 855 1238 supradicto,
871 1151 994 1236 ubsque
1017 1150 1108 1218 omni
1124 1154 1158 1216 et
1177 1150 1328 1217 ulteriori
1343 1149 1511 1230 dilutione,

460 1259 520 1322 etc.
566 1255 612 1320 Et
635 1254 701 1320 nisi
723 1253 870 1332 fecerint,
897 1253 1082 1320 concedunt
1104 1258 1140 1320 et
1164 1253 1249 1320 bene
1270 1252 1399 1332 volunt,
1424 1252 1514 1339 quod

460 1356 568 1443 Major
590 1362 625 1423 et
647 1356 864 1422 Aldermcnni
884 1355 1037 1444 praedicti
1060 1354 1193 1442 cupiunt
1214 1355 1252 1420 in
1273 1377 1409 1421 menum
1432 1355 1513 1422 civi·

459 1460 540 1530 tatis
561 1460 729 1548 predicte
758 1462 867 1524 totum
895 1457 1088 1546 praedictcm
1121 1458 1255 1524 domum
1279 1479 1354 1544 quse
1376 1462 1514 1524 vocatur

461 1568 480 1598 “
495 1561 543 1628 Le
565 1561 701 1642 Halcs,”
723 1583 797 1628 cum
821 1561 888 1626 suis
910 1559 1131 1647 pertinentiis,
1155 1565 1190 1626 et
1212 1581 1285 1627 enm
1307 1559 1453 1627 habeant
1479 1566 1514 1628 et

458 1669 595 1730 teneunt
617 1663 727 1751 quiete
749 1663 791 1728 de
816 1662 982 1749 predictis
1010 1661 1155 1728 Rcberto
1182 1665 1217 1728 et
1239 1661 1416 1750 Stephane,
1440 1667 1514 1728 tsn-

459 1787 558 1853 quom
588 1767 798 1844 forisfactum,
835 1765 907 1830 sine
938 1763 1050 1850 eliqua
1082 1763 1344 1831 contradictione
1375 1765 1513 1853 praedic·

458 1872 570 1934 torum
600 1867 739 1934 Roberti
768 1870 803 1933 ct
833 1864 1003 1954 Stephani,
1043 1871 1078 1934 et
1116 1866 1187 1933 sins
1213 1867 1304 1934 omui
1334 1866 1511 1950 columnis,

458 1969 587 2056 integro
609 1969 647 2034 in
668 1974 874 2056 perpetuum,
898 1974 960 2035 cto.

504 2071 549 2140 Et
582 2070 799 2138 nihilominus
833 2070 1017 2138 concedunt
1050 2091 1110 2158 pro
1147 2091 1191 2151 se,
1223 2069 1419 2154 haeredibus,
1458 2073 1513 2138 vel

460 2173 689 2242 executoribus
720 2175 797 2256 suis,
830 2174 918 2260 quod
950 2172 1168 2240 vicecomites
1203 2172 1449 2240 Londoniorum
1478 2180 1514 2241 et

461 2277 687 2345 Middelscxiae
702 2275 775 2342 fieri
800 2275 927 2344 fuciunt
949 2277 990 2342 de
1012 2275 1110 2346 terris
1133 2280 1168 2342 et
1185 2279 1393 2358 tenementis,
1408 2276 1512 2360 bonis,

460 2384 495 2448 et
509 2381 637 2448 catellis
659 2380 814 2467 ipsorum,
830 2379 867 2445 in
890 2399 1160 2466 quorumcunque
1175 2400 1292 2444 munus
1308 2379 1511 2460 devenerint,

461 2483 633 2570 praedictss
655 2482 692 2546 lx
717 2481 828 2562 libras,
853 2481 903 2547 iiii
928 2481 1056 2561 solidos,
1081 2487 1116 2547 et
1137 2481 1250 2548 decem
1281 2481 1439 2561 denarios,
1471 2481 1513 2550 ad

461 2606 543 2671 opus
558 2583 675 2652 Pontis
690 2583 848 2670 praedicti,
865 2588 924 2652 etc
979 2583 1025 2650 Et
1040 2583 1150 2670 quood
1166 2583 1278 2651 decem
1292 2605 1417 2650 murone
1431 2606 1512 2670 quus

460 2687 612 2754 custodes
635 2685 753 2752 Pontis
776 2687 820 2752 nb
852 2685 900 2751 eis
922 2685 1111 2773 exigebant,
1135 2685 1251 2752 dicunt
1272 2685 1361 2772 quod
1387 2687 1427 2752 de
1451 2687 1512 2752 eis-

462 2789 536 2854 dem
570 2810 596 2854 ιι
629 2789 747 2854 murcie
784 2793 1018 2874 computsrunt
1056 2807 1164 2854 ocrem
1203 2787 1329 2854 Thomu
1355 2787 1445 2868 Oros,
1478 2794 1513 2856 et

462 2890 646 2957 collocuntur
680 2891 728 2956 eis
763 2911 862 2976 super
892 2894 1080 2976 compotum
1113 2911 1231 2968 suum;
1269 2889 1360 2956 unde
1392 2897 1513 2956 vocent

464 2998 661 3080 compotum,
678 2997 740 3059 etc
785 2992 832 3058 Et
853 2997 976 3079 postes,
993 2992 1076 3058 bene
1099 2992 1280 3058 concedunt
1303 3014 1363 3080 pro
1386 3013 1430 3072 se,
1446 2993 1513 3060 hce-

465 3096 605 3176 redibus,
630 3101 665 3163 et
691 3094 922 3162 executoribus
944 3094 1020 3175 suis,
1046 3094 1135 3180 quod
1161 3095 1189 3160 si
1212 3093 1378 3182 praedictoe
1402 3093 1512 3161 decem

464 3219 581 3265 murcoe
603 3219 672 3265 non
694 3198 920 3264 sllocsbuutur
942 3197 1040 3263 eisin
1062 3201 1214 3283 compoto
1231 3196 1364 3285 praefoti
1378 3196 1512 3265 Thomae

464 3301 554 3380 Oros,
600 3322 708 3388 nuper
744 3300 881 3366 custode
915 3298 1031 3366 Pontis
1077 3298 1235 3387 praedicti,
1269 3300 1359 3385 quod
1394 3305 1515 3367 extunc

463 3402 677 3469 Vicoccmites
700 3400 945 3469 londoniarum
974 3407 1009 3468 et
1037 3400 1266 3470 Middeisexiae
1296 3402 1369 3468 fieri
1391 3401 1514 3469 faciunt

461 3505 635 3594 praedictos
657 3526 683 3570 x
703 3525 830 3572 murcos
852 3504 894 3572 de
916 3505 1012 3570 bonis
1034 3509 1068 3570 et
1094 3503 1223 3570 csteilis
1253 3505 1408 3592 ipsorum,
1440 3505 1513 3570 ubi·

463 3630 602 3696 cumque
630 3609 757 3674 fuerint
787 3609 932 3686 inventu,
965 3612 1036 3674 tum
1068 3607 1157 3672 infre
1193 3606 1381 3674 libertatem
1415 3628 1514 3694 quom

463 3717 566 3792 extre,
590 3713 633 3777 sd
655 3733 737 3800 opus
760 3710 875 3776 Pontis
896 3708 1056 3798 praedicti,
1081 3713 1140 3776 etc.

713 4047 901 4118 Ordinatio
924 4046 966 4113 dc
988 4045 1023 4114 la
1045 4045 1145 4114 Newe
1167 4043 1272 4112 Fatue.

295 4269 425 4366 omlnpeoe
507 4254 572 4322 Die
603 4252 700 4318 Jovis
730 4251 881 4338 proximu
913 4253 994 4315 onte
1023 4247 1144 4314 festum
1176 4225 1394 4328 Pentecostes,
1426 4263 1514 4311 suno

295 4324 371 4416 iim„
362 4321 449 4424 ¹13⁰er
461 4357 555 4445 regni
586 4355 687 4442 Regis
716 4351 887 4434 Edwerdi,
915 4351 978 4417 filii
1005 4350 1104 4438 Regis
1135 4348 1282 4430 Henrici,
1313 4369 1396 4428 xxV,
1426 4345 1513 4412 ordi·

294 4404 522 4567 Ἦ·
462 4483 506 4528 nc
506 4466 578 4526 tum
600 4456 699 4526 fuit
689 4479 726 4522 ιιι
748 4454 925 4543 proesentis
947 4452 1083 4519 Domini
1115 4451 1280 4518 Johsnnis
1302 4451 1333 4517 le
1357 4449 1513 4526 Bretoun,

293 4573 419 4669 msam.
462 4567 543 4627 tunc
567 4557 722 4628 Custodis
747 4556 1001 4638 Londonisuum,
1032 4555 1167 4622 Thomae
1195 4553 1236 4619 ds
1265 4549 1514 4630 Suff01k‚Adae

294 4623 365 4670 Μ’
462 4663 504 4728 de
528 4660 695 4741 Fulehsm,
724 4665 805 4726 tunc
830 4657 1079 4736 Vicecomitum,
1105 4655 1247 4723 Walteri
1272 4654 1313 4720 de
1337 4651 1515 4738 Finohing-

461 4761 547 4848 feud,
578 4761 738 4830 Willclmi
770 4762 801 4826 le
834 4759 1019 4842 Mozelincr,
1051 4757 1216 4825 Jchennis
1249 4756 1291 4823 de
1314 4753 1511 4843 Dunstuple,
