3624 5824
472 869 536 933 156
730 880 732 883 ’
805 877 909 928 moun
930 875 1175 928 cusrumnuu.
1329 858 1388 949 [35
1402 874 1487 928 nou.
1497 875 1519 924 1.

471 1073 490 1103 “
512 1064 702 1154 supradicta
738 1061 923 1129 districtius
960 1063 1033 1130 fieri
1067 1060 1218 1128 faceretis
1259 1060 1451 1140 observari3
1485 1063 1520 1125 ct

473 1175 595 1253 “quos
634 1165 721 1230 illud
761 1164 957 1230 mandatum
997 1167 1148 1230 nostrum
1190 1165 1449 1240 contemnentes,
1483 1161 1520 1224 in

472 1273 491 1305 ‘¹
513 1268 584 1354 ipso
600 1266 790 1354 exequendo
814 1266 965 1332 remissos
993 1287 1051 1332 seu
1075 1263 1289 1351 negligentes,
1304 1265 1359 1330 vel
1385 1261 1520 1330 omnino

471 1377 489 1406 “
512 1369 631 1455 exequi
646 1369 804 1448 nolentes,
819 1367 1021 1445 inveneritis,
1042 1365 1209 1454 caperetis
1226 1368 1260 1430 et
1274 1365 1316 1432 de
1330 1364 1520 1430 nominibus

472 1477 489 1508 ‘¹
512 1469 689 1536 eorundem
709 1468 914 1535 tlusticiariis
929 1468 1060 1547 nostris,
1077 1468 1121 1534 all
1136 1466 1276 1534 telonias
1291 1470 1326 1532 ct
1340 1471 1521 1552 transgres-

470 1579 490 1608 “
512 1572 617 1638 siones
639 1571 675 1638 in
699 1571 790 1638 dicto
812 1571 949 1636 civitate
972 1575 1089 1636 contra
1109 1590 1223 1656 paoem
1243 1573 1391 1634 nostram
1405 1569 1519 1644 factas,

472 1681 490 1709 “
512 1674 693 1740 audiendas
715 1677 750 1738 ct
771 1672 1005 1753 terminandas,
1036 1671 1220 1759 assignatio,
1245 1671 1409 1736 instanter
1431 1673 1521 1757 post·

471 1781 490 1813 ‘¹
512 1797 612 1862 quam
634 1776 722 1862 ipsos
743 1774 790 1841 sic
811 1775 986 1861 cepissetis,
1009 1779 1158 1840 constare
1172 1773 1342 1853 faceretis3
1364 1775 1463 1858 prout
1482 1768 1521 1835 in

471 1885 491 1915 “
512 1878 601 1944 dicto
616 1877 774 1943 mandato
789 1882 901 1943 nostro
916 1875 1044 1963 plenius
1059 1877 1254 1942 continetur.
1281 1875 1331 1940 Ac
1345 1895 1415 1955 nos,
1430 1877 1520 1960 post-

472 1989 491 2016 “
513 1981 655 2062 modum,
680 1979 836 2046 videlicet
858 1979 946 2044 xxii⁰
962 1979 1016 2044 die
1038 1977 1131 2060 Julii,
1153 1998 1241 2043 anno
1267 1976 1433 2063 praedicto,
1460 1996 1520 2061 pro

471 2091 491 2118 ‘⁴
514 2105 552 2148 eo
576 2082 664 2169 quod
694 2083 735 2148 dc
759 2087 869 2148 vestra
898 2081 1074 2168 diligentia
1103 2102 1161 2146 seu
1187 2078 1415 2156 sollicitudine,
1440 2099 1522 2163 quas

473 2191 491 2220 “
514 2185 596 2251 circa
613 2184 838 2250 executionem
854 2182 1097 2270 praemissorum
1111 2181 1300 2268 apposuisse
1314 2178 1520 2257 debuissetis,

472 2293 492 2322 “
515 2307 631 2374 parum
652 2286 706 2352 vcl
728 2285 813 2350 nihil
835 2284 876 2350 ad
896 2289 1047 2349 nostrum
1069 2283 1221 2370 pervenit
1242 2281 1403 2359 auditum,
1426 2279 1522 2345 vobis

474 2394 492 2425 “
514 2387 769 2475 praeceperimus,
786 2385 874 2472 quod
889 2386 929 2451 de
945 2407 983 2451 eo
998 2385 1087 2470 quod
1101 2385 1186 2449 circa
1200 2383 1426 2449 executionem
1441 2381 1523 2446 dicti

472 2498 491 2526 ‘⁴
513 2489 665 2554 mandati
678 2488 785 2554 nostri
805 2487 965 2568 faceretis,
981 2507 1041 2552 nos
1062 2486 1099 2550 in
1121 2485 1326 2552 cancellaria
1346 2489 1469 2563 nostra,
1485 2482 1519 2547 in

473 2591 655 2656 “crastino
685 2589 800 2656 Sancti
836 2588 1007 2654 Michaelis
1037 2587 1216 2675 praeterito,
1247 2585 1431 2651 redderetis
1453 2605 1522 2650 cer-

473 2699 493 2732 “
515 2691 622 2758 tiores
668 2691 840 2756 Praetextu
855 2689 948 2776 cujus
963 2690 1082 2770 brevis,
1104 2688 1199 2754 nobis
1216 2687 1416 2766 retornastis,
1433 2685 1522 2773 quod

473 2799 490 2829 “
513 2792 634 2858 fecistis
643 2790 776 2878 vigilias
790 2791 862 2857 fieri
876 2812 937 2877 per
951 2795 1059 2857 totam
1074 2785 1243 2857 civitatem
1257 2789 1406 2876 qualibet
1416 2793 1520 2864 nocte,

473 2899 549 2961 “et
572 2914 686 2982 pacem
709 2897 857 2958 nostram
881 2892 1022 2958 firmiter
1045 2892 1220 2970 observari,
1235 2896 1270 2957 et
1286 2889 1522 2976 Inquisitiones

472 2996 551 3062 “in
581 2994 730 3082 qualibet
760 2993 885 3060 Warda
917 3015 1015 3082 super
1043 2993 1231 3081 hujusmodi
1260 2992 1523 3059 malefactoribus

472 3107 493 3140 “
515 3103 550 3165 et
572 3118 684 3164 eorum
708 3096 967 3182 receptatoribus
978 3119 987 3175 ;
1009 3099 1043 3161 et
1064 3095 1242 3161 indictntos
1266 3115 1325 3182 per
1344 3094 1449 3160 dictas
1464 3093 1522 3158 In-

473 3206 492 3237 “
515 3199 710 3286 quisitiones
740 3198 776 3263 in
799 3197 923 3264 ballivo
948 3203 1060 3264 vestra
1085 3197 1247 3278 inventos,
1263 3196 1405 3284 cepistis,
1425 3200 1461 3262 et
1486 3196 1523 3260 in

473 3311 492 3338 “
513 3301 645 3389 prisona
661 3298 797 3365 Domini
820 3298 920 3387 Regis
943 3298 1108 3378 detinetis,
1123 3320 1226 3384 usque
1241 3299 1421 3366 adventum
1446 3297 1523 3364 Jus-

434 3443 437 3448 -
473 3412 491 3440 “
513 3403 716 3470 ticiariorum
730 3407 925 3480 nostrorum,
938 3399 982 3466 ad
992 3421 1106 3486 paoem
1120 3407 1269 3467 nostram
1284 3401 1523 3467 observandam

472 3507 550 3570 “in
575 3503 712 3570 civitate
736 3502 985 3568 Londoniomm
1007 3503 1248 3590 oemgnatorum
1260 3526 1269 3583 ;
1299 3507 1334 3568 et
1359 3503 1461 3568 talem
1484 3523 1523 3568 ac

473 3613 492 3646 “
515 3611 645 3673 tantm
675 3605 883 3691 diligentium
908 3605 992 3670 circa
1014 3604 1106 3692 pacis
1142 3605 1391 3672 observantiam
1422 3626 1522 3692 appo-

473 3716 493 3752 “
516 3708 629 3775 suistis
657 3711 693 3772 et
718 3704 955 3794 ¹apponebitis,
980 3706 1070 3793 quod
1097 3711 1170 3773 tam
1201 3706 1238 3771 in
1268 3706 1358 3773 dictu
1387 3707 1523 3774 civitate

473 3815 492 3848 “
514 3813 759 3887 commorantes,
793 3829 892 3895 quom
923 3807 967 3874 sd
996 3807 1118 3875 dictam
1148 3809 1319 3875 civitatem
1345 3810 1524 3888 venientes,

475 3919 493 3948 “
515 3912 633 3977 melius
653 3915 688 3977 et
709 3911 853 3976 securius
875 3911 983 3990 solito,
1007 3915 1175 3976 annuente
1198 3909 1277 3990 Deo,
1294 3911 1408 3977 venire
1430 3916 1523 3998 pote-

474 4021 492 4050 “
514 4018 594 4079 runt
625 4011 662 4076 in
692 4010 851 4077 futurum.
908 4011 981 4077 Nos
1010 4033 1109 4098 super
1146 4011 1343 4098 quibusdem
1367 4013 1522 4092 articulis,

473 4123 492 4152 “
513 4114 683 4204 praemissa
704 4113 929 4200 tangentibus,
956 4113 1085 4200 plenius
1111 4112 1280 4180 certiorari
1299 4113 1456 4194 volentes,
1483 4119 1525 4180 ut

473 4226 491 4254 “
513 4217 677 4283 malitiam
691 4214 881 4302 hujusmodi
896 4215 1160 4302 depraedctorum
1174 4221 1208 4281 et
1225 4216 1363 4283 aliorum
1377 4216 1523 4282 felonum

471 4327 492 4356 “
513 4341 552 4385 eo
567 4319 664 4386 citius
678 4317 853 4404 reprimere
864 4317 1039 4396 valcamus,
1051 4318 1146 4384 vobis
1160 4317 1373 4404 praecipimus,
1385 4317 1526 4383 firmiter

473 4421 725 4509 “injungentes
759 4418 856 4505 quod,
896 4419 1073 4506 assumptis
1106 4420 1277 4486 vobiscum
1321 4420 1524 4487 Custodibus

474 4531 493 4559 “
514 4523 716 4590 Placitorum
742 4542 871 4588 corones
893 4525 1026 4600 nostrae,
1050 4521 1093 4586 od
1114 4521 1261 4609 singulas
1282 4521 1422 4588 Wardas
1442 4523 1524 4588 civi·

902 4767 909 4799 ¹
923 4765 959 4818 So
969 4767 997 4816 in
1009 4766 1052 4818 the
1064 4765 1178 4832 original.
