3636 5820
332 849 415 900 nnn.
432 833 485 924 11.]
575 846 843 902 nonsnrmarm
865 849 910 899 nr
932 848 1148 899 smrnrrmn.
1360 827 1381 900 7

376 1037 518 1104 Interim
550 1039 594 1104 ad
616 1040 721 1126 ripam
755 1041 921 1119 curritur3
953 1037 1001 1104 ibi
1024 1039 1143 1124 praesto
1167 1037 1247 1101 sunt
1270 1033 1381 1099 omnia

331 1140 564 1208 desiderabilia.
627 1141 843 1224 Quantalibet
874 1141 1020 1207 militum
1050 1140 1105 1206 vel
1136 1137 1381 1228 peregrinorum

331 1241 480 1309 infinitas
501 1243 631 1310 intrant
661 1244 786 1325 urbem,
810 1243 958 1330 qualibet
980 1243 1046 1310 diei
1075 1242 1131 1308 vel
1161 1240 1268 1308 noctis
1289 1239 1379 1316 hora,

332 1345 451 1411 veleb
474 1346 554 1412 urbe
586 1347 724 1425 exitura,
748 1368 790 1412 ne
819 1345 874 1412 vel
903 1345 952 1411 hii
981 1343 1123 1410 nimium
1141 1344 1302 1430 jejunent,
1326 1342 1380 1407 vel

331 1447 389 1514 alii
410 1447 569 1536 impransi
602 1452 731 1528 exeant,
761 1447 849 1530 illue,
882 1448 910 1514 si
941 1449 1057 1535 placet,
1082 1447 1264 1525 divertunt,
1288 1447 1378 1512 etse
1432 1475 1514 1522 aaa

332 1571 391 1636 pro
413 1552 511 1616 modo
532 1573 592 1618 suo
614 1551 737 1640 singuli
760 1551 923 1618 reficiunt
971 1549 1037 1632 Qui
1069 1572 1103 1616 se
1126 1570 1239 1615 curare
1261 1548 1381 1616 volunt

330 1653 484 1736 molliter,
528 1653 695 1741 accipiunt
743 1673 900 1735 anserem,
942 1673 983 1719 ve
1026 1651 1143 1718 Afram
1177 1671 1282 1733 avem,
1324 1652 1380 1717 vel

330 1759 468 1844 attagen
499 1753 650 1822 Ionicum
662 1779 671 1840 ;
705 1776 772 1821 non
804 1777 885 1844 opus
913 1759 953 1822 ut
982 1755 1063 1841 qnid
1085 1759 1245 1841 quaerant,
1281 1775 1381 1842 appo-

329 1857 411 1936 sitis,
443 1878 519 1943 quaa
552 1857 602 1927 ibi
639 1857 866 1940 inveniuntur,
901 1857 1034 1925 deliciis.
1106 1855 1189 1925 Haec
1226 1857 1380 1944 equidem

330 1957 461 2046 publica
483 1961 623 2047 coquina
645 1967 705 2041 est,
729 1965 764 2028 et
786 1960 918 2028 civitati
939 1959 1120 2048 plurimum
1141 1959 1327 2047 expediens,
1343 1965 1378 2026 et

331 2062 374 2127 ad
405 2061 600 2128 civilitatem
633 2064 811 2151 pertinens.
867 2061 958 2129 Hinc
994 2067 1052 2144 est,
1086 2063 1175 2150 qnod
1197 2063 1321 2150 legitur
1343 2061 1380 2127 in

330 2171 349 2200 ‘⁴
365 2163 488 2254 Gorgia
497 2163 516 2191 ”
547 2164 705 2245 Platonis,
734 2166 837 2253 juxta
867 2165 1065 2233 medicinam
1098 2187 1167 2233 esse
1201 2187 1380 2252 eoquorum

329 2265 478 2346 officium,
506 2268 725 2352 simulacrum,
749 2275 784 2336 et
806 2269 1037 2348 adulationem,
1062 2275 1188 2356 quartae
1210 2267 1380 2356 particula

329 2369 483 2437 civitatis.

642 2630 743 2697 XIII.
767 2631 818 2698 De
843 2627 1067 2716 Smetlwfelde

373 2830 435 2899 Est
459 2831 507 2898 ibi
542 2837 638 2899 extra
668 2855 769 2899 unam
803 2836 982 2921 portarum,
1006 2833 1122 2901 statim
1146 2833 1183 2900 in
1209 2832 1376 2915 suburbia,
1391 2859 1530 2928 amima,

329 2936 462 3024 quidam
474 2933 592 3022 planus
608 2957 750 3023 campus,
766 2958 802 3003 re
821 2941 857 3003 et
878 2936 1019 3004 nomine.
1053 2935 1153 3003 Omni
1168 2941 1265 3004 sexta
1286 2937 1376 3016 feria,
1388 2915 1523 3014 fflllla,

328 3038 393 3105 nisi
415 3039 461 3104 sit
482 3036 588 3125 major
609 3038 775 3105 festivitas
801 3044 973 3128 praecepta
1004 3039 1233 3120 solemnitatis,
1256 3045 1307 3107 est
1329 3039 1378 3106 ibi
1389 3015 1475 3062 Μ’·

328 3141 453 3209 celebre
470 3141 691 3228 spectaculum
716 3142 879 3208 nobilium
895 3164 1051 3231 equorum
1075 3145 1264 3211 venalium:
1289 3165 1378 3232 speo-

328 3245 434 3309 taturi
449 3245 504 3310 vel
519 3245 664 3333 empturi
686 3245 837 3326 veniunt,
853 3246 911 3332 qui
930 3247 966 3312 in
982 3248 1063 3314 urbs
1078 3251 1202 3328 assunt
1221 3247 1376 3328 Comites,

329 3345 482 3426 Berones,
506 3345 641 3424 Milites,
658 3347 747 3414 cives
768 3349 911 3435 plurimi.
958 3349 1066 3418 Juvat
1080 3350 1193 3416 vidore
1207 3351 1377 3438 gradarios

224 3466 226 3472 ·
331 3453 406 3516 cute
435 3469 530 3515 succo
560 3454 683 3531 satura
716 3451 785 3538 pilo
809 3451 1008 3530 connitente,
1033 3455 1180 3520 suaviter
1207 3453 1376 3519 ambulan-

328 3555 401 3631 tes;
422 3552 562 3639 pedibus
594 3551 777 3619 lateraliter
807 3552 907 3618 simul
941 3555 1067 3636 erectis,
1091 3556 1184 3642 quasi
1218 3579 1238 3620 a
1268 3555 1377 3620 subal-

328 3655 441 3734 ternis,
466 3660 501 3721 et
535 3653 705 3721 demissis:
739 3656 825 3736 hinc,
849 3677 950 3743 equos
981 3657 1040 3742 qui
1071 3656 1239 3744 armigeris
1271 3655 1377 3744 magis

328 3759 539 3836 conveniunt,
575 3758 690 3824 durius
729 3758 927 3838 incedentes,
960 3759 1019 3825 sed
1057 3760 1211 3847 expedite
1254 3765 1376 3838 tamen,

328 3861 385 3947 qui
414 3861 509 3946 quasi
541 3883 561 3926 a
592 3861 891 3929 contradictoribus
913 3862 1011 3948 pedes
1045 3862 1143 3928 simul
1177 3861 1309 3929 elevant
1342 3868 1377 3929 et

328 3963 519 4050 deponunt:
552 3963 638 4046 hinc,
660 3965 787 4032 nobiles
811 3964 919 4053 pullos
946 3962 1102 4052 juniores,
1130 3963 1197 4052 qui,
1226 3963 1377 4032 nondum

327 4067 429 4135 nano
451 4067 535 4134 bene
558 4066 738 4152 assueti,-

417 4218 424 4255 ¹
439 4219 581 4290 “Altius
603 4221 770 4305 incedunt,
787 4227 822 4290 ct
843 4221 955 4291 mollia
977 4245 1072 4292 crura
1093 4213 1259 4314 reponunt
1272 4251 1281 4295 ε
1292 4223 1310 4258 ”

328 4363 415 4444 hine,
448 4363 652 4442 summarios,
685 4364 841 4432 membris
872 4365 992 4433 validis
1029 4372 1064 4432 et
1101 4369 1249 4454 vegetis:
1289 4369 1374 4453 hinc,

328 4467 512 4533 dextrarios
534 4467 703 4554 pretiosos,
727 4469 888 4557 elegantis
913 4469 1037 4552 forma,
1060 4473 1197 4538 staturae
1219 4471 1375 4554 honesta,

593 4787 601 4820 ¹
612 4785 690 4840 From
700 4785 795 4854 Virgil,
808 4785 933 4856 Garytce,
944 4789 973 4842 R
985 4787 1034 4844 111.
1046 4787 1063 4843 l.
1074 4791 1113 4844 ra
