3462 5836
267 896 310 961 ll
326 864 409 962 nnc.
425 893 480 984 ra]
541 909 703 963 emmor
726 911 770 961 or
792 909 863 962 rnn
885 907 1025 961 narres
1251 891 1316 965 379

266 1097 352 1178 aas,
375 1097 450 1165 nin
473 1097 528 1166 eie
553 1098 698 1181 lanera,
723 1107 810 1167 aneo
833 1101 931 1180 xasa,
956 1099 1147 1166 ordinatum
1169 1079 1236 1163 fue
1258 1119 1318 1186 per
1331 1107 1466 1202 pepp·

266 1201 483 1282 Justieiarios,
508 1206 543 1269 et
564 1203 812 1290 proclamatum,
829 1204 919 1290 quod
943 1221 1055 1270 omnes
1081 1201 1138 1288 qui
1161 1199 1318 1288 placitare
1330 1210 1381 1303 {3¹¹
1389 1209 1453 1302 <¹133

267 1305 390 1370 debent
419 1305 456 1371 in
483 1303 609 1372 Itinere
642 1328 701 1393 per
736 1302 831 1371 billns
861 1305 916 1371 vel
946 1327 1005 1392 per
1038 1303 1161 1384 brevia,
1194 1321 1252 1368 seu
1278 1302 1318 1367 de
1331 1272 1457 1362 latera

1330 1360 1481 1404 theJnsticas

267 1405 446 1473 disseisinis
469 1403 564 1474 lactis
580 1407 616 1474 in
627 1405 765 1474 diversis
780 1405 921 1486 Werdie,
939 1407 1116 1472 observent
1131 1409 1235 1472 certos
1250 1401 1319 1470 dies
1331 1411 1474 1506 3?de

268 1509 332 1574 sibi
355 1511 547 1596 assignatos,
571 1510 720 1596 quelibet
741 1511 934 1597 septimana,
950 1510 993 1575 ed
1016 1508 1240 1596 prosequenda
1262 1527 1318 1573 ne-

267 1611 361 1699 gotia
374 1633 454 1692 sua;
477 1613 520 1678 ad
543 1606 629 1700 quoe
640 1608 712 1678 dies
727 1631 839 1678 ornnes
854 1609 1002 1677 homines
1018 1611 1059 1677 de
1074 1611 1171 1676 certis
1187 1609 1319 1676 Werdis

268 1711 405 1780 cuilibet
428 1711 495 1780 diei
517 1713 700 1802 assignatis,
718 1710 841 1780 debent
863 1713 1020 1802 placitare
1036 1713 1115 1779 dum
1130 1709 1318 1778 Justieiarii

267 1813 393 1898 sedent,
410 1821 445 1884 et
466 1837 535 1882 non
556 1817 622 1882 alio
643 1817 750 1883 modo.
798 1815 862 1882 Die
885 1812 1217 1894 Lunae-Farndone,
1233 1814 1321 1880 infra

268 1923 303 1985 et
325 1923 428 1985 extra
474 1917 539 1985 Die
562 1917 929 2006 Martis—Crepelgete,
946 1917 1035 1984 infra
1056 1919 1092 1986 et
1113 1925 1216 1996 extra,
1240 1917 1320 1984 Bas-

268 2019 447 2108 sieshaghe,
483 2021 753 2102 Oolemanstrete,
777 2018 979 2109 Aldresgate.
1026 2019 1089 2100 Die
1122 2019 1321 2087 Mercurii-

271 2121 358 2210 Ripa
380 2123 525 2211 Reginae,
550 2120 749 2204 Bredstrete,
774 2122 934 2203 Vinetrie,
962 2123 1166 2212 Dounegate,
1195 2123 1321 2204 Pontis,

270 2223 526 2314 Billyngesgate,
561 2225 681 2294 Turris.
751 2225 816 2293 Die
849 2224 1321 2307 Jovis-Oordewanerstrete,

269 2327 457 2409 Walelrrolq
475 2327 696 2408 Candelwilrc,
713 2327 861 2417 alegate,
887 2328 1085 2415 Lymetrete,
1110 2329 1319 2395 Portsakene.

271 2431 336 2498 Die
366 2427 672 2498 Veneris-Wnrda
713 2431 799 2512 Fari,
840 2431 995 2498 Castrum
1033 2429 1210 2518 Baynardi.
1256 2431 1321 2496 Die

271 2533 684 2624 sabbati-Iangeburne,
699 2529 885 2614 Oornhnlle,
903 2533 1121 2625 Bradeetrete
1132 2531 1321 2622 Bisshepea

270 2639 357 2726 gete.

318 2953 337 2986 ‘¹
358 2947 391 3014 A
420 2951 532 3015 nostre
560 2943 704 3036 Seignur
728 2945 760 3016 le
795 2941 860 3016 Rei
897 2953 1084 3018 monstrent
1118 2973 1168 3018 ses
1203 2967 1322 3038 pavere
1335 2979 1470 3027 pastione

272 3063 290 3088 “
313 3057 462 3138 peetours
484 3051 524 3117 de
551 3051 730 3132 Loundres,
757 3074 912 3138 qecome
938 3055 980 3120 ils
1011 3055 1103 3120 eient
1131 3054 1241 3140 requie
1263 3075 1322 3140 par
1335 3033 1474 3146 {llil-¹4⁰¹*

274 3161 292 3188 “
315 3153 393 3220 bille
415 3175 436 3218 a
451 3173 512 3220 voz
535 3150 680 3221 Justices
704 3153 841 3221 eirannz
862 3175 904 3220 en
927 3152 962 3222 le
977 3155 1066 3222 Tour
1088 3155 1128 3221 de
1152 3133 1408 3227 Loundreslilled
1416 3135 1489 3228 mlle

274 3263 292 3292 ⁴⁴
314 3253 456 3323 remedie
479 3256 549 3322 dun
574 3263 644 3323 tort
672 3258 707 3323 et
736 3276 922 3345 &mannae
947 3279 988 3345 qe
1019 3255 1092 3324 leur
1117 3259 1160 3324 ad
1184 3261 1253 3324 este
1274 3258 1323 3323 fet
1334 3235 1476 3338 {diffie

274 3367 292 3394 ‘⁴
314 3357 421 3448 parmi
443 3359 491 3425 les
515 3357 635 3426 Meiree
659 3361 693 3426 et
719 3365 831 3427 autres
855 3359 1022 3428 ministres
1045 3361 1087 3427 de
1108 3361 1141 3427 la
1156 3357 1225 3427 dite
1248 3359 1321 3442 cite,
1334 3335 1470 3390 mm*

274 3471 291 3498 “
315 3483 355 3549 qe
377 3465 504 3528 avannt
527 3482 578 3530 ses
601 3461 722 3529 homes
753 3467 837 3529 ount
862 3467 932 3530 este
966 3467 1001 3530 et
1026 3485 1146 3529 nncere
1168 3467 1255 3543 sunt,
1280 3463 1322 3530 de

275 3573 292 3600 ⁴‘
315 3587 371 3632 ceo
394 3565 441 3652 qil
466 3565 541 3630 laur
572 3569 656 3631 aunt
679 3563 728 3631 fet
750 3563 844 3653 paler
865 3583 929 3652 pur
951 3561 1090 3632 ahescun
1113 3567 1258 3652 quartier
1281 3567 1321 3632 de

275 3677 291 3703 ‘⁴
314 3667 460 3734 ferment
484 3665 532 3755 qil
563 3674 646 3734 aunt
675 3667 799 3748 achate,
823 3667 864 3735 de
894 3668 1009 3756 poiser,
1042 3668 1135 3735 obole
1159 3669 1215 3736 dee
1250 3667 1321 3736 ditz

275 3779 293 3806 ‘⁶
315 3775 476 3859 pestoure,
492 3769 526 3836 la
541 3791 585 3836 ou
600 3769 625 3835 il
641 3792 684 3836 ne
700 3776 784 3838 aunt
806 3775 898 3858 poise
919 3771 1002 3852 nul;
1029 3781 1065 3838 et
1089 3791 1145 3838 ceo
1170 3779 1322 3861 presente

274 3883 292 3910 ⁴⁸
314 3874 387 3940 lent
409 3893 469 3960 par
491 3873 541 3938 xii
559 3873 655 3960 jnrez
677 3873 826 3940 deveant
839 3873 887 3940 les
900 3875 1097 3940 avauntditz
1112 3874 1264 3956 Justices
1281 3897 1321 3962 qe
1378 3927 1384 3940 .
1431 3910 1463 3942 ,e

275 3985 292 4012 “
314 3975 349 4042 la
370 3976 439 4043 dite
469 3975 564 4043 obole
594 3975 650 4043 des
674 3977 745 4043 dita
779 3979 929 4064 pestanrs
960 3999 1003 4043 en
1032 3997 1165 4044 manere
1196 3977 1321 4045 susdite
1430 3973 1431 3976 '

274 4090 291 4115 “
313 4079 385 4146 faut
405 4101 517 4146 resceu
539 4101 581 4147 en
605 4079 742 4168 damage
763 4079 804 4147 de
819 4099 910 4160 vaus,
927 4085 962 4147 et
986 4081 1042 4148 des
1068 4081 1140 4148 dita
1163 4087 1320 4169 pestonrs,

275 4186 350 4250 “et
376 4180 422 4249 du
453 4201 573 4250 comun
596 4183 734 4271 poeple;
763 4201 853 4250 come
884 4181 971 4272 pluis
1001 4183 1248 4272 pleynementes
1271 4191 1322 4251 eet

275 4295 293 4323 “
314 4292 460 4354 centena
482 4307 525 4353 en
554 4285 668 4353 record
691 4309 734 4353 en
756 4285 850 4352 reule
881 4287 1031 4352 devaunt
1062 4286 1110 4352 les
1145 4287 1216 4354 dita
1242 4287 1320 4356 Jus-

275 4399 293 4426 ⁴‘
315 4391 403 4458 tices
450 4389 575 4470 Donnt,
593 4387 675 4470 Sire,
691 4387 716 4453 il
737 4389 848 4477 prient
871 4408 935 4476 pur
950 4387 1039 4455 Dieu
1061 4410 1102 4476 qe
1127 4409 1211 4456 vous
1233 4391 1321 4478 pleae

273 4499 294 4530 ‘⁴
315 4491 487 4581 granntier
500 4511 563 4558 voc
577 4489 693 4559 lettres
706 4513 743 4557 ae
765 4491 963 4558 avanntditz
977 4492 1001 4557 J
1004 4491 1129 4572 ustiees,
1146 4511 1187 4579 qe
1207 4491 1322 4560 eiannt

274 4603 293 4632 “
314 4592 433 4683 regard
456 4617 478 4660 a
502 4599 612 4663 vostre
637 4593 732 4674 dreit,
760 4599 795 4660 et
816 4593 850 4660 el
873 4593 963 4660 droit
988 4594 1042 4661 del
1065 4617 1184 4662 comun
1207 4598 1322 4685 poeple

275 4706 293 4732 “
314 4703 349 4764 et
372 4698 430 4764 des
452 4697 524 4764 ditz
546 4706 704 4786 pestours,
728 4695 848 4764 hastile
871 4697 1016 4764 remedie
1047 4719 1148 4766 sauna
1171 4699 1258 4766 delei
1281 4699 1322 4766 de

274 4809 291 4836 “
314 4821 370 4868 ceo
393 4795 459 4867 soit
484 4797 541 4882 set,
557 4799 664 4868 solum
686 4799 829 4868 reddour
853 4797 895 4866 de
916 4799 968 4882 lei,
986 4795 1147 4870 desicome
1169 4801 1206 4868 la
1227 4799 1322 4870 chose
