<?xml version="1.0" encoding="UTF-8"?>
<!DOCTYPE html PUBLIC "-//W3C//DTD XHTML 1.0 Transitional//EN"
    "http://www.w3.org/TR/xhtml1/DTD/xhtml1-transitional.dtd">
<html xmlns="http://www.w3.org/1999/xhtml" xml:lang="en" lang="en">
 <head>
  <title>
</title>
<meta http-equiv="Content-Type" content="text/html;charset=utf-8" />
  <meta name='ocr-system' content='tesseract 3.04.00' />
  <meta name='ocr-capabilities' content='ocr_page ocr_carea ocr_par ocr_line ocrx_word'/>
</head>
<body>
  <div class='ocr_page' id='page_1' title='image "./munimentagildha05librgoog_0564.png"; bbox 0 0 3462 5836; ppageno 0'>
   <div class='ocr_carea' id='block_1_1' title="bbox 538 901 1562 987">
    <p class='ocr_par' dir='ltr' id='par_1_1' title="bbox 538 901 1562 987">
     <span class='ocr_line' id='line_1_1' title="bbox 538 901 1562 987; baseline -0.009 -17"><span class='ocrx_word' id='word_1_1' title='bbox 538 907 602 971; x_wconf 76' lang='lat'><strong>404</strong></span> <span class='ocrx_word' id='word_1_2' title='bbox 873 921 975 970; x_wconf 83' lang='lat' dir='ltr'><strong>marn</strong></span> <span class='ocrx_word' id='word_1_3' title='bbox 997 917 1245 971; x_wconf 79' lang='lat' dir='ltr'><strong>cusruuuauu.</strong></span> <span class='ocrx_word' id='word_1_4' title='bbox 1384 901 1526 987; x_wconf 80' lang='lat' dir='ltr'><strong>[ltmv.</strong></span> <span class='ocrx_word' id='word_1_5' title='bbox 1535 911 1562 961; x_wconf 89' lang='lat'><strong>11.</strong></span> 
     </span>
    </p>
   </div>
   <div class='ocr_carea' id='block_1_2' title="bbox 398 1104 1565 1782">
    <p class='ocr_par' dir='ltr' id='par_1_2' title="bbox 537 1104 1565 1489">
     <span class='ocr_line' id='line_1_2' title="bbox 537 1104 1563 1190; baseline -0.004 -22"><span class='ocrx_word' id='word_1_6' title='bbox 537 1105 591 1171; x_wconf 89' lang='lat' dir='ltr'><strong>del</strong></span> <span class='ocrx_word' id='word_1_7' title='bbox 615 1105 798 1170; x_wconf 83' lang='lat' dir='ltr'><strong>Fishwerse</strong></span> <span class='ocrx_word' id='word_1_8' title='bbox 822 1105 862 1170; x_wconf 91' lang='lat' dir='ltr'><strong>de</strong></span> <span class='ocrx_word' id='word_1_9' title='bbox 898 1111 995 1171; x_wconf 87' lang='lat' dir='ltr'><strong>nocte</strong></span> <span class='ocrx_word' id='word_1_10' title='bbox 1033 1104 1210 1171; x_wconf 90' lang='lat' dir='ltr'><strong>includunt</strong></span> <span class='ocrx_word' id='word_1_11' title='bbox 1244 1104 1334 1170; x_wconf 83' lang='lat' dir='ltr'><strong>infra</strong></span> <span class='ocrx_word' id='word_1_12' title='bbox 1371 1107 1480 1190; x_wconf 85' lang='lat' dir='ltr'><strong>portas</strong></span> <span class='ocrx_word' id='word_1_13' title='bbox 1505 1117 1563 1164; x_wconf 86' lang='lat' dir='ltr'><strong>suus</strong></span> 
     </span>
     <span class='ocr_line' id='line_1_3' title="bbox 537 1201 1564 1292; baseline -0.006 -21"><span class='ocrx_word' id='word_1_14' title='bbox 537 1229 647 1285; x_wconf 89' lang='lat' dir='ltr'><strong>naves,</strong></span> <span class='ocrx_word' id='word_1_15' title='bbox 686 1206 862 1287; x_wconf 77' lang='lat' dir='ltr'><strong>naviculas,</strong></span> <span class='ocrx_word' id='word_1_16' title='bbox 906 1212 940 1272; x_wconf 85' lang='lat' dir='ltr'><strong>et</strong></span> <span class='ocrx_word' id='word_1_17' title='bbox 972 1207 1120 1284; x_wconf 78' lang='lat' dir='ltr'><strong>botellos,</strong></span> <span class='ocrx_word' id='word_1_18' title='bbox 1162 1207 1286 1273; x_wconf 84' lang='lat' dir='ltr'><strong>ibidem</strong></span> <span class='ocrx_word' id='word_1_19' title='bbox 1333 1229 1409 1271; x_wconf 90' lang='lat' dir='ltr'><strong>enm</strong></span> <span class='ocrx_word' id='word_1_20' title='bbox 1445 1201 1564 1292; x_wconf 79' lang='lat' dir='ltr'>piscibus</span> 
     </span>
     <span class='ocr_line' id='line_1_4' title="bbox 538 1305 1565 1396; baseline -0.007 -22"><span class='ocrx_word' id='word_1_21' title='bbox 538 1309 748 1395; x_wconf 85' lang='lat' dir='ltr'><strong>applicantes,</strong></span> <span class='ocrx_word' id='word_1_22' title='bbox 773 1314 807 1374; x_wconf 91' lang='lat' dir='ltr'><strong>et</strong></span> <span class='ocrx_word' id='word_1_23' title='bbox 830 1310 1029 1394; x_wconf 89' lang='lat' dir='ltr'><strong>emptionem</strong></span> <span class='ocrx_word' id='word_1_24' title='bbox 1055 1309 1195 1396; x_wconf 82' lang='lat' dir='ltr'><strong>piscium</strong></span> <span class='ocrx_word' id='word_1_25' title='bbox 1218 1309 1254 1374; x_wconf 90' lang='lat' dir='ltr'><strong>in</strong></span> <span class='ocrx_word' id='word_1_26' title='bbox 1285 1309 1411 1375; x_wconf 85' lang='lat' dir='ltr'><strong>eisdem</strong></span> <span class='ocrx_word' id='word_1_27' title='bbox 1439 1305 1565 1378; x_wconf 88' lang='lat' dir='ltr'><strong>navibus,</strong></span> 
     </span>
     <span class='ocr_line' id='line_1_5' title="bbox 538 1408 1564 1489; baseline -0.007 -15"><span class='ocrx_word' id='word_1_28' title='bbox 538 1411 709 1489; x_wconf 80' lang='lat' dir='ltr'>naviculis,</span> <span class='ocrx_word' id='word_1_29' title='bbox 737 1415 773 1474; x_wconf 87' lang='lat' dir='ltr'><strong>et</strong></span> <span class='ocrx_word' id='word_1_30' title='bbox 803 1409 942 1488; x_wconf 84' lang='lat' dir='ltr'><strong>batellis,</strong></span> <span class='ocrx_word' id='word_1_31' title='bbox 981 1411 1199 1476; x_wconf 83' lang='lat' dir='ltr'><strong>existentium</strong></span> <span class='ocrx_word' id='word_1_32' title='bbox 1236 1412 1300 1477; x_wconf 91' lang='lat' dir='ltr'><strong>sibi</strong></span> <span class='ocrx_word' id='word_1_33' title='bbox 1331 1408 1507 1485; x_wconf 85' lang='lat' dir='ltr'><strong>attrahunt,</strong></span> <span class='ocrx_word' id='word_1_34' title='bbox 1538 1409 1564 1468; x_wconf 87' lang='lat' dir='ltr'><strong>et</strong></span> 
     </span>
    </p>

    <p class='ocr_par' dir='ltr' id='par_1_3' title="bbox 398 1509 1565 1782">
     <span class='ocr_line' id='line_1_6' title="bbox 398 1509 1565 1600; baseline 0.001 -30"><span class='ocrx_word' id='word_1_35' title='bbox 398 1527 506 1572; x_wconf 68' lang='lat' dir='ltr'><strong>saco.</strong></span> <span class='ocrx_word' id='word_1_36' title='bbox 539 1513 763 1600; x_wconf 74' lang='lat' dir='ltr'><strong>appropriant,</strong></span> <span class='ocrx_word' id='word_1_37' title='bbox 787 1516 822 1577; x_wconf 89' lang='lat' dir='ltr'><strong>et</strong></span> <span class='ocrx_word' id='word_1_38' title='bbox 844 1512 1045 1592; x_wconf 71' lang='lat' dir='ltr'><strong>saraballam,</strong></span> <span class='ocrx_word' id='word_1_39' title='bbox 1068 1517 1103 1577; x_wconf 88' lang='lat' dir='ltr'><strong>et</strong></span> <span class='ocrx_word' id='word_1_40' title='bbox 1131 1513 1177 1579; x_wconf 87' lang='lat' dir='ltr'><strong>sic</strong></span> <span class='ocrx_word' id='word_1_41' title='bbox 1207 1535 1266 1600; x_wconf 90' lang='lat' dir='ltr'><strong>per</strong></span> <span class='ocrx_word' id='word_1_42' title='bbox 1297 1511 1482 1599; x_wconf 87' lang='lat' dir='ltr'><strong>hujusmodi</strong></span> <span class='ocrx_word' id='word_1_43' title='bbox 1501 1509 1565 1572; x_wconf 78' lang='lat' dir='ltr'><strong>fors</strong></span> 
     </span>
     <span class='ocr_line' id='line_1_7' title="bbox 538 1613 1565 1702; baseline -0.008 -22"><span class='ocrx_word' id='word_1_44' title='bbox 538 1613 733 1680; x_wconf 83' lang='lat' dir='ltr'><strong>tallamenta</strong></span> <span class='ocrx_word' id='word_1_45' title='bbox 755 1635 815 1678; x_wconf 91' lang='lat' dir='ltr'><strong>sua</strong></span> <span class='ocrx_word' id='word_1_46' title='bbox 847 1613 1038 1702; x_wconf 84' lang='lat' dir='ltr'><strong>hujusmodi</strong></span> <span class='ocrx_word' id='word_1_47' title='bbox 1064 1615 1168 1701; x_wconf 89' lang='lat' dir='ltr'><strong>pisces</strong></span> <span class='ocrx_word' id='word_1_48' title='bbox 1203 1615 1310 1682; x_wconf 87' lang='lat' dir='ltr'><strong>carius</strong></span> <span class='ocrx_word' id='word_1_49' title='bbox 1342 1614 1496 1692; x_wconf 88' lang='lat' dir='ltr'><strong>venduut,</strong></span> <span class='ocrx_word' id='word_1_50' title='bbox 1520 1629 1565 1697; x_wconf 87' lang='lat' dir='ltr'><strong>pro</strong></span> 
     </span>
     <span class='ocr_line' id='line_1_8' title="bbox 538 1716 800 1782; baseline 0 -2"><span class='ocrx_word' id='word_1_51' title='bbox 538 1716 711 1782; x_wconf 76' lang='lat' dir='ltr'><strong>voluntate</strong></span> <span class='ocrx_word' id='word_1_52' title='bbox 733 1737 800 1781; x_wconf 79' lang='lat' dir='ltr'><strong>sura</strong></span> 
     </span>
    </p>
   </div>
   <div class='ocr_carea' id='block_1_3' title="bbox 371 1815 1564 1924">
    <p class='ocr_par' dir='ltr' id='par_1_4' title="bbox 371 1815 1564 1924">
     <span class='ocr_line' id='line_1_9' title="bbox 371 1815 1564 1924; baseline -0.011 -35"><span class='ocrx_word' id='word_1_53' title='bbox 371 1821 527 1924; x_wconf 55' lang='lat' dir='ltr'><strong>fflfflffid</strong></span> <span class='ocrx_word' id='word_1_54' title='bbox 584 1818 630 1882; x_wconf 84' lang='lat' dir='ltr'><strong>Et</strong></span> <span class='ocrx_word' id='word_1_55' title='bbox 644 1817 768 1896; x_wconf 88' lang='lat' dir='ltr'><strong>dieunt,</strong></span> <span class='ocrx_word' id='word_1_56' title='bbox 786 1815 875 1904; x_wconf 90' lang='lat' dir='ltr'><strong>qnod</strong></span> <span class='ocrx_word' id='word_1_57' title='bbox 890 1839 974 1896; x_wconf 87' lang='lat' dir='ltr'><strong>cum,</strong></span> <span class='ocrx_word' id='word_1_58' title='bbox 991 1839 1033 1884; x_wconf 84' lang='lat' dir='ltr'><strong>ex</strong></span> <span class='ocrx_word' id='word_1_59' title='bbox 1048 1819 1235 1906; x_wconf 82' lang='lat' dir='ltr'><strong>provisione</strong></span> <span class='ocrx_word' id='word_1_60' title='bbox 1251 1818 1343 1885; x_wconf 75' lang='lat' dir='ltr'><strong>faeta</strong></span> <span class='ocrx_word' id='word_1_61' title='bbox 1357 1839 1416 1906; x_wconf 89' lang='lat' dir='ltr'><strong>per</strong></span> <span class='ocrx_word' id='word_1_62' title='bbox 1430 1816 1564 1901; x_wconf 82' lang='lat' dir='ltr'><strong>Majorcn</strong></span> 
     </span>
    </p>
   </div>
   <div class='ocr_carea' id='block_1_4' title="bbox 372 1915 1566 2114">
    <p class='ocr_par' dir='ltr' id='par_1_5' title="bbox 372 1915 1566 2114">
     <span class='ocr_line' id='line_1_10' title="bbox 372 1915 1566 2018; baseline -0.011 -28"><span class='ocrx_word' id='word_1_63' title='bbox 372 1921 522 2018; x_wconf 55' lang='lat' dir='ltr'><strong>ffifflffl</strong></span> <span class='ocrx_word' id='word_1_64' title='bbox 539 1925 573 1984; x_wconf 86' lang='lat' dir='ltr'><strong>et</strong></span> <span class='ocrx_word' id='word_1_65' title='bbox 603 1920 874 1984; x_wconf 71' lang='lat' dir='ltr'><strong>communitatem</strong></span> <span class='ocrx_word' id='word_1_66' title='bbox 893 1919 1049 1998; x_wconf 84' lang='lat' dir='ltr'><strong>civitatis,</strong></span> <span class='ocrx_word' id='word_1_67' title='bbox 1068 1921 1260 1987; x_wconf 89' lang='lat' dir='ltr'><strong>ordinatum</strong></span> <span class='ocrx_word' id='word_1_68' title='bbox 1282 1921 1396 1986; x_wconf 84' lang='lat' dir='ltr'><strong>fuerat</strong></span> <span class='ocrx_word' id='word_1_69' title='bbox 1417 1941 1472 2006; x_wconf 88' lang='lat' dir='ltr'><strong>pro</strong></span> <span class='ocrx_word' id='word_1_70' title='bbox 1492 1915 1566 1980; x_wconf 88' lang='lat' dir='ltr'><strong>utili·</strong></span> 
     </span>
     <span class='ocr_line' id='line_1_11' title="bbox 372 2015 1566 2114; baseline -0.013 -19"><span class='ocrx_word' id='word_1_71' title='bbox 372 2022 414 2114; x_wconf 62' lang='lat'><strong>}20</strong></span> <span class='ocrx_word' id='word_1_72' title='bbox 423 2023 523 2066; x_wconf 52' lang='grc' dir='ltr'><strong>ΜΝ(</strong></span> <span class='ocrx_word' id='word_1_73' title='bbox 539 2027 610 2088; x_wconf 84' lang='lat' dir='ltr'><strong>tate</strong></span> <span class='ocrx_word' id='word_1_74' title='bbox 633 2020 772 2108; x_wconf 86' lang='lat' dir='ltr'><strong>publica,</strong></span> <span class='ocrx_word' id='word_1_75' title='bbox 812 2020 854 2086; x_wconf 85' lang='lat' dir='ltr'><strong>ab</strong></span> <span class='ocrx_word' id='word_1_76' title='bbox 880 2021 1028 2106; x_wconf 89' lang='lat' dir='ltr'><strong>antiquo,</strong></span> <span class='ocrx_word' id='word_1_77' title='bbox 1060 2022 1150 2110; x_wconf 91' lang='lat' dir='ltr'><strong>quod</strong></span> <span class='ocrx_word' id='word_1_78' title='bbox 1180 2022 1292 2088; x_wconf 89' lang='lat' dir='ltr'><strong>nullus</strong></span> <span class='ocrx_word' id='word_1_79' title='bbox 1325 2020 1514 2110; x_wconf 86' lang='lat' dir='ltr'><strong>piscenarius</strong></span> <span class='ocrx_word' id='word_1_80' title='bbox 1534 2015 1566 2080; x_wconf 89' lang='lat' dir='ltr'><strong>de</strong></span> 
     </span>
    </p>
   </div>
   <div class='ocr_carea' id='block_1_5' title="bbox 372 2073 1566 2216">
    <p class='ocr_par' dir='ltr' id='par_1_6' title="bbox 372 2073 1566 2216">
     <span class='ocr_line' id='line_1_12' title="bbox 372 2073 1566 2216; baseline -0.01 -23"><span class='ocrx_word' id='word_1_81' title='bbox 372 2073 520 2216; x_wconf 43' lang='lat' dir='ltr'><strong>affinia</strong></span> <span class='ocrx_word' id='word_1_82' title='bbox 538 2123 675 2188; x_wconf 86' lang='lat' dir='ltr'><strong>civitate</strong></span> <span class='ocrx_word' id='word_1_83' title='bbox 705 2123 864 2209; x_wconf 66' lang='lat' dir='ltr'><strong>poedicta</strong></span> <span class='ocrx_word' id='word_1_84' title='bbox 892 2123 1013 2209; x_wconf 89' lang='lat' dir='ltr'><strong>piscem</strong></span> <span class='ocrx_word' id='word_1_85' title='bbox 1052 2129 1183 2202; x_wconf 89' lang='lat' dir='ltr'><strong>emeret,</strong></span> <span class='ocrx_word' id='word_1_86' title='bbox 1222 2146 1280 2190; x_wconf 88' lang='lat' dir='ltr'><strong>seu</strong></span> <span class='ocrx_word' id='word_1_87' title='bbox 1315 2121 1498 2190; x_wconf 75' lang='lat' dir='ltr'><strong>venditioni</strong></span> <span class='ocrx_word' id='word_1_88' title='bbox 1522 2139 1566 2182; x_wconf 86' lang='lat' dir='ltr'><strong>ex-</strong></span> 
     </span>
    </p>
   </div>
   <div class='ocr_carea' id='block_1_6' title="bbox 371 2217 1566 2324">
    <p class='ocr_par' dir='ltr' id='par_1_7' title="bbox 371 2217 1566 2324">
     <span class='ocr_line' id='line_1_13' title="bbox 371 2217 1566 2324; baseline -0.013 -27"><span class='ocrx_word' id='word_1_89' title='bbox 371 2221 522 2324; x_wconf 47' lang='lat' dir='ltr'><strong>‚ffiffiqho</strong></span> <span class='ocrx_word' id='word_1_90' title='bbox 538 2229 683 2312; x_wconf 87' lang='lat' dir='ltr'><strong>poneret,</strong></span> <span class='ocrx_word' id='word_1_91' title='bbox 722 2229 800 2290; x_wconf 88' lang='lat' dir='ltr'><strong>ante</strong></span> <span class='ocrx_word' id='word_1_92' title='bbox 840 2224 977 2289; x_wconf 81' lang='lat' dir='ltr'><strong>Missam</strong></span> <span class='ocrx_word' id='word_1_93' title='bbox 1023 2225 1090 2290; x_wconf 88' lang='lat' dir='ltr'><strong>diei</strong></span> <span class='ocrx_word' id='word_1_94' title='bbox 1136 2225 1336 2292; x_wconf 84' lang='lat' dir='ltr'><strong>celebratam</strong></span> <span class='ocrx_word' id='word_1_95' title='bbox 1383 2225 1419 2289; x_wconf 93' lang='lat' dir='ltr'><strong>in</strong></span> <span class='ocrx_word' id='word_1_96' title='bbox 1456 2217 1566 2288; x_wconf 78' lang='lat' dir='ltr'><strong>eeclesia</strong></span> 
     </span>
    </p>
   </div>
   <div class='ocr_carea' id='block_1_7' title="bbox 370 2323 1567 3125">
    <p class='ocr_par' dir='ltr' id='par_1_8' title="bbox 370 2323 1567 3125">
     <span class='ocr_line' id='line_1_14' title="bbox 370 2323 1565 2418; baseline 0.001 -27"><span class='ocrx_word' id='word_1_97' title='bbox 370 2323 499 2418; x_wconf 53' lang='lat' dir='ltr'><strong>QW</strong></span> <span class='ocrx_word' id='word_1_98' title='bbox 539 2325 653 2392; x_wconf 87' lang='lat' dir='ltr'><strong>Sancti</strong></span> <span class='ocrx_word' id='word_1_99' title='bbox 677 2325 792 2412; x_wconf 77' lang='lat' dir='ltr'><strong>Magni</strong></span> <span class='ocrx_word' id='word_1_100' title='bbox 815 2325 852 2390; x_wconf 90' lang='lat' dir='ltr'><strong>in</strong></span> <span class='ocrx_word' id='word_1_101' title='bbox 866 2327 940 2391; x_wconf 90' lang='lat' dir='ltr'><strong>vieo</strong></span> <span class='ocrx_word' id='word_1_102' title='bbox 964 2326 1022 2411; x_wconf 92' lang='lat' dir='ltr'><strong>qui</strong></span> <span class='ocrx_word' id='word_1_103' title='bbox 1049 2331 1188 2392; x_wconf 85' lang='lat' dir='ltr'><strong>vocetur</strong></span> <span class='ocrx_word' id='word_1_104' title='bbox 1212 2324 1477 2413; x_wconf 61' lang='lat' dir='ltr'><strong>“Betqyaeaes&#39;</strong></span> <span class='ocrx_word' id='word_1_105' title='bbox 1500 2343 1565 2410; x_wconf 57' lang='lat' dir='ltr'><strong>pra*</strong></span> 
     </span>
     <span class='ocr_line' id='line_1_15' title="bbox 473 2387 1566 2513; baseline -0.002 -21.166"><span class='ocrx_word' id='word_1_106' title='bbox 473 2387 510 2428; x_wconf 61' lang='lat'><strong>&#39;⁶&#39;</strong></span> <span class='ocrx_word' id='word_1_107' title='bbox 539 2428 620 2493; x_wconf 77' lang='lat' dir='ltr'><strong>usai</strong></span> <span class='ocrx_word' id='word_1_108' title='bbox 644 2427 819 2513; x_wconf 63' lang='lat' dir='ltr'><strong>patenas</strong></span> <span class='ocrx_word' id='word_1_109' title='bbox 855 2427 909 2492; x_wconf 74' lang='lat' dir='ltr'><strong>uel</strong></span> <span class='ocrx_word' id='word_1_110' title='bbox 942 2427 1125 2494; x_wconf 62' lang='lat' dir='ltr'><strong>ransart</strong></span> <span class='ocrx_word' id='word_1_111' title='bbox 1159 2433 1239 2494; x_wconf 72' lang='lat' dir='ltr'><strong>ana</strong></span> <span class='ocrx_word' id='word_1_112' title='bbox 1276 2427 1566 2502; x_wconf 65' lang='lat' dir='ltr'><strong>toraminas</strong></span> 
     </span>
     <span class='ocr_line' id='line_1_16' title="bbox 540 2523 1565 2615; baseline 0.001 -22"><span class='ocrx_word' id='word_1_113' title='bbox 540 2528 580 2594; x_wconf 94' lang='lat' dir='ltr'><strong>de</strong></span> <span class='ocrx_word' id='word_1_114' title='bbox 602 2533 708 2607; x_wconf 85' lang='lat' dir='ltr'><strong>nocte,</strong></span> <span class='ocrx_word' id='word_1_115' title='bbox 739 2529 922 2615; x_wconf 87' lang='lat' dir='ltr'><strong>emptiones·</strong></span> <span class='ocrx_word' id='word_1_116' title='bbox 951 2534 987 2595; x_wconf 88' lang='lat' dir='ltr'><strong>et</strong></span> <span class='ocrx_word' id='word_1_117' title='bbox 1020 2529 1230 2595; x_wconf 77' lang='lat' dir='ltr'><strong>venditiones</strong></span> <span class='ocrx_word' id='word_1_118' title='bbox 1267 2551 1346 2596; x_wconf 84' lang='lat' dir='ltr'><strong>suas</strong></span> <span class='ocrx_word' id='word_1_119' title='bbox 1383 2530 1507 2606; x_wconf 79' lang='lat' dir='ltr'><strong>faciunt,</strong></span> <span class='ocrx_word' id='word_1_120' title='bbox 1532 2523 1565 2586; x_wconf 74' lang='lat' dir='ltr'><strong>ud</strong></span> 
     </span>
     <span class='ocr_line' id='line_1_17' title="bbox 539 2628 1567 2719; baseline -0.003 -27"><span class='ocrx_word' id='word_1_121' title='bbox 539 2651 640 2714; x_wconf 76' lang='lat' dir='ltr'><strong>grave</strong></span> <span class='ocrx_word' id='word_1_122' title='bbox 656 2628 824 2708; x_wconf 88' lang='lat' dir='ltr'><strong>damnum,</strong></span> <span class='ocrx_word' id='word_1_123' title='bbox 842 2636 925 2711; x_wconf 87' lang='lat' dir='ltr'><strong>etc.;</strong></span> <span class='ocrx_word' id='word_1_124' title='bbox 949 2635 984 2696; x_wconf 90' lang='lat' dir='ltr'><strong>et</strong></span> <span class='ocrx_word' id='word_1_125' title='bbox 1006 2630 1068 2696; x_wconf 92' lang='lat' dir='ltr'><strong>hoc</strong></span> <span class='ocrx_word' id='word_1_126' title='bbox 1089 2653 1150 2717; x_wconf 88' lang='lat' dir='ltr'><strong>pro</strong></span> <span class='ocrx_word' id='word_1_127' title='bbox 1174 2653 1213 2697; x_wconf 87' lang='lat' dir='ltr'><strong>eo</strong></span> <span class='ocrx_word' id='word_1_128' title='bbox 1238 2633 1326 2717; x_wconf 90' lang='lat' dir='ltr'><strong>quod</strong></span> <span class='ocrx_word' id='word_1_129' title='bbox 1341 2629 1567 2719; x_wconf 84' lang='lat' dir='ltr'><strong>propinquiores</strong></span> 
     </span>
     <span class='ocr_line' id='line_1_18' title="bbox 539 2730 1565 2820; baseline 0.001 -27"><span class='ocrx_word' id='word_1_130' title='bbox 539 2735 617 2794; x_wconf 83' lang='lat' dir='ltr'><strong>sunt</strong></span> <span class='ocrx_word' id='word_1_131' title='bbox 639 2731 751 2815; x_wconf 87' lang='lat' dir='ltr'><strong>portui</strong></span> <span class='ocrx_word' id='word_1_132' title='bbox 777 2730 902 2797; x_wconf 86' lang='lat' dir='ltr'><strong>ibidem</strong></span> <span class='ocrx_word' id='word_1_133' title='bbox 926 2753 1026 2818; x_wconf 86' lang='lat' dir='ltr'><strong>quem</strong></span> <span class='ocrx_word' id='word_1_134' title='bbox 1052 2733 1109 2796; x_wconf 87' lang='lat' dir='ltr'><strong>alii</strong></span> <span class='ocrx_word' id='word_1_135' title='bbox 1130 2733 1325 2820; x_wconf 76' lang='lat' dir='ltr'><strong>piscenarii3</strong></span> <span class='ocrx_word' id='word_1_136' title='bbox 1350 2755 1411 2800; x_wconf 88' lang='lat' dir='ltr'><strong>nec</strong></span> <span class='ocrx_word' id='word_1_137' title='bbox 1433 2731 1565 2819; x_wconf 83' lang='lat' dir='ltr'><strong>poterunt</strong></span> 
     </span>
     <span class='ocr_line' id='line_1_19' title="bbox 539 2831 1565 2919; baseline 0.003 -25"><span class='ocrx_word' id='word_1_138' title='bbox 539 2831 640 2894; x_wconf 88' lang='lat' dir='ltr'><strong>iidem</strong></span> <span class='ocrx_word' id='word_1_139' title='bbox 672 2831 847 2918; x_wconf 74' lang='lat' dir='ltr'><strong>pincenarii</strong></span> <span class='ocrx_word' id='word_1_140' title='bbox 877 2833 930 2898; x_wconf 91' lang='lat' dir='ltr'><strong>dcl</strong></span> <span class='ocrx_word' id='word_1_141' title='bbox 954 2833 1144 2911; x_wconf 83' lang='lat' dir='ltr'><strong>Fisbwarfe‚</strong></span> <span class='ocrx_word' id='word_1_142' title='bbox 1170 2837 1230 2919; x_wconf 91' lang='lat' dir='ltr'><strong>qui</strong></span> <span class='ocrx_word' id='word_1_143' title='bbox 1252 2836 1380 2902; x_wconf 85' lang='lat' dir='ltr'><strong>totiens</strong></span> <span class='ocrx_word' id='word_1_144' title='bbox 1409 2841 1443 2900; x_wconf 91' lang='lat' dir='ltr'><strong>et</strong></span> <span class='ocrx_word' id='word_1_145' title='bbox 1464 2831 1565 2898; x_wconf 84' lang='lat' dir='ltr'><strong>occulte</strong></span> 
     </span>
     <span class='ocr_line' id='line_1_20' title="bbox 538 2930 1565 3024; baseline 0.001 -29"><span class='ocrx_word' id='word_1_146' title='bbox 538 2930 746 3017; x_wconf 90' lang='lat' dir='ltr'><strong>delinquunt,</strong></span> <span class='ocrx_word' id='word_1_147' title='bbox 759 2934 914 3020; x_wconf 84' lang='lat' dir='ltr'><strong>castigari</strong></span> <span class='ocrx_word' id='word_1_148' title='bbox 926 2935 967 3000; x_wconf 90' lang='lat' dir='ltr'><strong>de</strong></span> <span class='ocrx_word' id='word_1_149' title='bbox 978 2935 1168 3019; x_wconf 87' lang='lat' dir='ltr'><strong>hujusmodi</strong></span> <span class='ocrx_word' id='word_1_150' title='bbox 1176 2937 1489 3024; x_wconf 76' lang='lat' dir='ltr'><strong>transgressionibus</strong></span> <span class='ocrx_word' id='word_1_151' title='bbox 1497 2953 1565 2998; x_wconf 88' lang='lat' dir='ltr'><strong>oom-</strong></span> 
     </span>
     <span class='ocr_line' id='line_1_21' title="bbox 537 3035 1564 3125; baseline 0.007 -26"><span class='ocrx_word' id='word_1_152' title='bbox 537 3039 697 3120; x_wconf 86' lang='lat' dir='ltr'><strong>petenter,</strong></span> <span class='ocrx_word' id='word_1_153' title='bbox 722 3040 761 3099; x_wconf 91' lang='lat' dir='ltr'><strong>ut</strong></span> <span class='ocrx_word' id='word_1_154' title='bbox 784 3035 921 3116; x_wconf 89' lang='lat' dir='ltr'><strong>deceret,</strong></span> <span class='ocrx_word' id='word_1_155' title='bbox 956 3037 1085 3103; x_wconf 88' lang='lat' dir='ltr'><strong>ratione</strong></span> <span class='ocrx_word' id='word_1_156' title='bbox 1119 3039 1380 3125; x_wconf 83' lang='lat' dir='ltr'><strong>propinquitatis</strong></span> <span class='ocrx_word' id='word_1_157' title='bbox 1415 3036 1564 3125; x_wconf 63' lang='lat' dir='ltr'><strong>praediutae,</strong></span> 
     </span>
    </p>
   </div>
   <div class='ocr_carea' id='block_1_8' title="bbox 369 3135 1566 3234">
    <p class='ocr_par' dir='ltr' id='par_1_9' title="bbox 369 3135 1566 3234">
     <span class='ocr_line' id='line_1_22' title="bbox 369 3135 1566 3234; baseline 0.006 -36"><span class='ocrx_word' id='word_1_158' title='bbox 369 3138 500 3234; x_wconf 55' lang='lat' dir='ltr'><strong>ttfflfflw</strong></span> <span class='ocrx_word' id='word_1_159' title='bbox 537 3136 623 3201; x_wconf 87' lang='lat' dir='ltr'><strong>sicut</strong></span> <span class='ocrx_word' id='word_1_160' title='bbox 645 3136 703 3200; x_wconf 89' lang='lat' dir='ltr'><strong>alii</strong></span> <span class='ocrx_word' id='word_1_161' title='bbox 728 3137 904 3223; x_wconf 86' lang='lat' dir='ltr'><strong>piscenauii</strong></span> <span class='ocrx_word' id='word_1_162' title='bbox 926 3138 1058 3225; x_wconf 83' lang='lat' dir='ltr'><strong>longius</strong></span> <span class='ocrx_word' id='word_1_163' title='bbox 1073 3145 1244 3205; x_wconf 81' lang='lat' dir='ltr'><strong>manentes</strong></span> <span class='ocrx_word' id='word_1_164' title='bbox 1259 3163 1280 3205; x_wconf 86' lang='lat' dir='ltr'><strong>a</strong></span> <span class='ocrx_word' id='word_1_165' title='bbox 1301 3147 1403 3226; x_wconf 89' lang='lat' dir='ltr'><strong>portu</strong></span> <span class='ocrx_word' id='word_1_166' title='bbox 1425 3135 1566 3226; x_wconf 68' lang='lat' dir='ltr'><strong>praedicto·</strong></span> 
     </span>
    </p>
   </div>
   <div class='ocr_carea' id='block_1_9' title="bbox 369 3235 1565 3344">
    <p class='ocr_par' dir='ltr' id='par_1_10' title="bbox 369 3235 1565 3344">
     <span class='ocr_line' id='line_1_23' title="bbox 369 3235 1565 3344; baseline -0.012 -35"><span class='ocrx_word' id='word_1_167' title='bbox 369 3241 520 3344; x_wconf 46' lang='lat' dir='ltr'><strong>thgqup</strong></span> <span class='ocrx_word' id='word_1_168' title='bbox 538 3237 604 3302; x_wconf 85' lang='lat' dir='ltr'><strong>Sed</strong></span> <span class='ocrx_word' id='word_1_169' title='bbox 627 3237 751 3316; x_wconf 89' lang='lat' dir='ltr'><strong>dicunt,</strong></span> <span class='ocrx_word' id='word_1_170' title='bbox 776 3239 865 3326; x_wconf 93' lang='lat' dir='ltr'><strong>quod</strong></span> <span class='ocrx_word' id='word_1_171' title='bbox 886 3240 971 3304; x_wconf 87' lang='lat' dir='ltr'><strong>bene</strong></span> <span class='ocrx_word' id='word_1_172' title='bbox 993 3240 1071 3306; x_wconf 88' lang='lat' dir='ltr'><strong>licet</strong></span> <span class='ocrx_word' id='word_1_173' title='bbox 1100 3241 1236 3307; x_wconf 85' lang='lat' dir='ltr'><strong>cuilibet</strong></span> <span class='ocrx_word' id='word_1_174' title='bbox 1258 3243 1364 3308; x_wconf 91' lang='lat' dir='ltr'><strong>libero</strong></span> <span class='ocrx_word' id='word_1_175' title='bbox 1387 3243 1481 3306; x_wconf 75' lang='lat' dir='ltr'><strong>dicta</strong></span> <span class='ocrx_word' id='word_1_176' title='bbox 1500 3235 1565 3302; x_wconf 89' lang='lat' dir='ltr'><strong>civi-</strong></span> 
     </span>
    </p>
   </div>
   <div class='ocr_carea' id='block_1_10' title="bbox 369 3336 1568 3434">
    <p class='ocr_par' dir='ltr' id='par_1_11' title="bbox 369 3336 1568 3434">
     <span class='ocr_line' id='line_1_24' title="bbox 369 3336 1568 3434; baseline -0.007 -24"><span class='ocrx_word' id='word_1_177' title='bbox 369 3339 619 3434; x_wconf 59' lang='lat' dir='ltr'><strong>fflfflwtatis</strong></span> <span class='ocrx_word' id='word_1_178' title='bbox 644 3339 768 3424; x_wconf 90' lang='lat' dir='ltr'><strong>piscem</strong></span> <span class='ocrx_word' id='word_1_179' title='bbox 791 3340 826 3403; x_wconf 93' lang='lat' dir='ltr'><strong>in</strong></span> <span class='ocrx_word' id='word_1_180' title='bbox 852 3361 972 3426; x_wconf 88' lang='lat' dir='ltr'><strong>grosso,</strong></span> <span class='ocrx_word' id='word_1_181' title='bbox 1001 3347 1036 3406; x_wconf 87' lang='lat' dir='ltr'><strong>et</strong></span> <span class='ocrx_word' id='word_1_182' title='bbox 1071 3342 1113 3407; x_wconf 85' lang='lat' dir='ltr'><strong>ad</strong></span> <span class='ocrx_word' id='word_1_183' title='bbox 1139 3343 1312 3421; x_wconf 83' lang='lat' dir='ltr'><strong>retalliam,</strong></span> <span class='ocrx_word' id='word_1_184' title='bbox 1336 3342 1477 3409; x_wconf 89' lang='lat' dir='ltr'><strong>vendere</strong></span> <span class='ocrx_word' id='word_1_185' title='bbox 1497 3336 1568 3403; x_wconf 78' lang='lat' dir='ltr'><strong>mnu</strong></span> 
     </span>
    </p>
   </div>
   <div class='ocr_carea' id='block_1_11' title="bbox 367 3425 1568 3536">
    <p class='ocr_par' dir='ltr' id='par_1_12' title="bbox 367 3425 1568 3536">
     <span class='ocr_line' id='line_1_25' title="bbox 367 3425 1568 3536; baseline -0.01 -28"><span class='ocrx_word' id='word_1_186' title='bbox 367 3425 525 3536; x_wconf 47' lang='lat' dir='ltr'><strong>&amp;5¹⁰2in</strong></span> <span class='ocrx_word' id='word_1_187' title='bbox 537 3440 651 3504; x_wconf 90' lang='lat' dir='ltr'><strong>domos</strong></span> <span class='ocrx_word' id='word_1_188' title='bbox 666 3463 742 3504; x_wconf 89' lang='lat' dir='ltr'><strong>suas</strong></span> <span class='ocrx_word' id='word_1_189' title='bbox 756 3441 793 3505; x_wconf 94' lang='lat' dir='ltr'><strong>in</strong></span> <span class='ocrx_word' id='word_1_190' title='bbox 808 3442 945 3507; x_wconf 80' lang='lat' dir='ltr'><strong>civitate</strong></span> <span class='ocrx_word' id='word_1_191' title='bbox 960 3443 1127 3528; x_wconf 84' lang='lat' dir='ltr'><strong>praedicto,</strong></span> <span class='ocrx_word' id='word_1_192' title='bbox 1140 3449 1362 3530; x_wconf 72' lang='lat' dir='ltr'><strong>praeterquam</strong></span> <span class='ocrx_word' id='word_1_193' title='bbox 1377 3447 1414 3510; x_wconf 80' lang='lat' dir='ltr'><strong>in</strong></span> <span class='ocrx_word' id='word_1_194' title='bbox 1436 3439 1568 3508; x_wconf 78' lang='lat' dir='ltr'><strong>domibus</strong></span> 
     </span>
    </p>
   </div>
   <div class='ocr_carea' id='block_1_12' title="bbox 370 3542 1045 3636">
    <p class='ocr_par' dir='ltr' id='par_1_13' title="bbox 370 3542 1045 3636">
     <span class='ocr_line' id='line_1_26' title="bbox 370 3542 1045 3636; baseline 0.018 -39"><span class='ocrx_word' id='word_1_195' title='bbox 370 3543 508 3636; x_wconf 37' lang='lat' dir='ltr'><strong>pffigpf·</strong></span> <span class='ocrx_word' id='word_1_196' title='bbox 537 3542 670 3605; x_wconf 88' lang='lat' dir='ltr'><strong>situatis</strong></span> <span class='ocrx_word' id='word_1_197' title='bbox 685 3563 783 3628; x_wconf 87' lang='lat' dir='ltr'><strong>super</strong></span> <span class='ocrx_word' id='word_1_198' title='bbox 797 3542 828 3606; x_wconf 89' lang='lat' dir='ltr'><strong>le</strong></span> <span class='ocrx_word' id='word_1_199' title='bbox 853 3543 1045 3610; x_wconf 82' lang='lat' dir='ltr'><strong>Fishvvarfc.</strong></span> 
     </span>
    </p>
   </div>
   <div class='ocr_carea' id='block_1_13' title="bbox 368 3641 1569 3856">
    <p class='ocr_par' dir='ltr' id='par_1_14' title="bbox 368 3641 1569 3856">
     <span class='ocr_line' id='line_1_27' title="bbox 369 3641 1568 3747; baseline -0.013 -33"><span class='ocrx_word' id='word_1_200' title='bbox 369 3654 505 3747; x_wconf 52' lang='lat' dir='ltr'><strong>§mgna</strong></span> <span class='ocrx_word' id='word_1_201' title='bbox 582 3641 629 3706; x_wconf 84' lang='lat' dir='ltr'><strong>Et</strong></span> <span class='ocrx_word' id='word_1_202' title='bbox 651 3642 777 3720; x_wconf 86' lang='lat' dir='ltr'><strong>dicunt,</strong></span> <span class='ocrx_word' id='word_1_203' title='bbox 793 3644 882 3728; x_wconf 91' lang='lat' dir='ltr'><strong>quod</strong></span> <span class='ocrx_word' id='word_1_204' title='bbox 898 3645 964 3708; x_wconf 85' lang='lat' dir='ltr'><strong>tria</strong></span> <span class='ocrx_word' id='word_1_205' title='bbox 981 3649 1061 3710; x_wconf 87' lang='lat' dir='ltr'><strong>sunt</strong></span> <span class='ocrx_word' id='word_1_206' title='bbox 1077 3651 1167 3710; x_wconf 87' lang='lat' dir='ltr'><strong>certa</strong></span> <span class='ocrx_word' id='word_1_207' title='bbox 1182 3647 1254 3712; x_wconf 88' lang='lat' dir='ltr'><strong>loca</strong></span> <span class='ocrx_word' id='word_1_208' title='bbox 1267 3647 1304 3712; x_wconf 87' lang='lat' dir='ltr'><strong>in</strong></span> <span class='ocrx_word' id='word_1_209' title='bbox 1318 3648 1434 3714; x_wconf 72' lang='lat' dir='ltr'><strong>eadem</strong></span> <span class='ocrx_word' id='word_1_210' title='bbox 1449 3645 1568 3712; x_wconf 71' lang='lat' dir='ltr'><strong>civitate</strong></span> 
     </span>
     <span class='ocr_line' id='line_1_28' title="bbox 368 3741 1569 3856; baseline -0.011 -43"><span class='ocrx_word' id='word_1_211' title='bbox 368 3755 515 3856; x_wconf 54' lang='lat' dir='ltr'><strong>cumque</strong></span> <span class='ocrx_word' id='word_1_212' title='bbox 537 3743 696 3827; x_wconf 86' lang='lat' dir='ltr'><strong>deputata</strong></span> <span class='ocrx_word' id='word_1_213' title='bbox 718 3741 761 3808; x_wconf 86' lang='lat' dir='ltr'><strong>ad</strong></span> <span class='ocrx_word' id='word_1_214' title='bbox 786 3745 1012 3810; x_wconf 87' lang='lat' dir='ltr'><strong>venditionem</strong></span> <span class='ocrx_word' id='word_1_215' title='bbox 1035 3745 1174 3832; x_wconf 83' lang='lat' dir='ltr'><strong>piscium</strong></span> <span class='ocrx_word' id='word_1_216' title='bbox 1198 3749 1243 3812; x_wconf 88' lang='lat' dir='ltr'><strong>ad</strong></span> <span class='ocrx_word' id='word_1_217' title='bbox 1265 3751 1440 3828; x_wconf 68' lang='lat' dir='ltr'><strong>remmam,</strong></span> <span class='ocrx_word' id='word_1_218' title='bbox 1463 3745 1569 3812; x_wconf 71' lang='lat' dir='ltr'><strong>seilicet</strong></span> 
     </span>
    </p>
   </div>
   <div class='ocr_carea' id='block_1_14' title="bbox 368 3841 1569 3948">
    <p class='ocr_par' dir='ltr' id='par_1_15' title="bbox 368 3841 1569 3948">
     <span class='ocr_line' id='line_1_29' title="bbox 368 3841 1569 3948; baseline 0.012 -47"><span class='ocrx_word' id='word_1_219' title='bbox 368 3855 500 3948; x_wconf 51' lang='lat' dir='ltr'><strong>{mgr</strong></span> <span class='ocrx_word' id='word_1_220' title='bbox 535 3844 572 3906; x_wconf 93' lang='lat' dir='ltr'><strong>in</strong></span> <span class='ocrx_word' id='word_1_221' title='bbox 605 3843 678 3908; x_wconf 90' lang='lat' dir='ltr'><strong>vico</strong></span> <span class='ocrx_word' id='word_1_222' title='bbox 712 3845 771 3930; x_wconf 90' lang='lat' dir='ltr'><strong>qui</strong></span> <span class='ocrx_word' id='word_1_223' title='bbox 802 3851 941 3910; x_wconf 87' lang='lat' dir='ltr'><strong>vocatur</strong></span> <span class='ocrx_word' id='word_1_224' title='bbox 966 3847 1256 3932; x_wconf 71' lang='lat' dir='ltr'><strong>“Buaypesta·ctc‚”</strong></span> <span class='ocrx_word' id='word_1_225' title='bbox 1288 3857 1324 3916; x_wconf 91' lang='lat' dir='ltr'><strong>et</strong></span> <span class='ocrx_word' id='word_1_226' title='bbox 1362 3851 1398 3915; x_wconf 94' lang='lat' dir='ltr'><strong>in</strong></span> <span class='ocrx_word' id='word_1_227' title='bbox 1433 3851 1503 3915; x_wconf 88' lang='lat' dir='ltr'><strong>vico</strong></span> <span class='ocrx_word' id='word_1_228' title='bbox 1522 3841 1569 3930; x_wconf 83' lang='lat' dir='ltr'><strong>qui</strong></span> 
     </span>
    </p>
   </div>
   <div class='ocr_carea' id='block_1_15' title="bbox 369 3943 1568 4237">
    <p class='ocr_par' dir='ltr' id='par_1_16' title="bbox 369 3943 1568 4237">
     <span class='ocr_line' id='line_1_30' title="bbox 370 3943 1568 4059; baseline -0.013 -36"><span class='ocrx_word' id='word_1_229' title='bbox 370 3953 511 4059; x_wconf 39' lang='lat' dir='ltr'><strong>ffigbffi</strong></span> <span class='ocrx_word' id='word_1_230' title='bbox 535 3949 674 4008; x_wconf 61' lang='lat' dir='ltr'><strong>vocatur</strong></span> <span class='ocrx_word' id='word_1_231' title='bbox 690 3951 708 3979; x_wconf 91' lang='lat'><strong>“</strong></span> <span class='ocrx_word' id='word_1_232' title='bbox 719 3943 966 4030; x_wconf 75' lang='lat' dir='ltr'><strong>Oldefisbstreta</strong></span> <span class='ocrx_word' id='word_1_233' title='bbox 976 3947 994 3972; x_wconf 91' lang='lat'><strong>’&#39;</strong></span> <span class='ocrx_word' id='word_1_234' title='bbox 1017 3953 1052 4013; x_wconf 87' lang='lat' dir='ltr'><strong>et</strong></span> <span class='ocrx_word' id='word_1_235' title='bbox 1068 3949 1105 4013; x_wconf 90' lang='lat' dir='ltr'><strong>in</strong></span> <span class='ocrx_word' id='word_1_236' title='bbox 1121 3951 1232 4037; x_wconf 90' lang='lat' dir='ltr'><strong>shopis</strong></span> <span class='ocrx_word' id='word_1_237' title='bbox 1248 3953 1421 4038; x_wconf 81' lang='lat' dir='ltr'><strong>utriusque</strong></span> <span class='ocrx_word' id='word_1_238' title='bbox 1440 3953 1568 4037; x_wconf 88' lang='lat' dir='ltr'><strong>ipsorum</strong></span> 
     </span>
     <span class='ocr_line' id='line_1_31' title="bbox 369 4045 1567 4148; baseline -0.005 -34"><span class='ocrx_word' id='word_1_239' title='bbox 369 4057 493 4148; x_wconf 37' lang='lat' dir='ltr'><strong>ffitgffip</strong></span> <span class='ocrx_word' id='word_1_240' title='bbox 536 4045 683 4110; x_wconf 88' lang='lat' dir='ltr'><strong>vicorum</strong></span> <span class='ocrx_word' id='word_1_241' title='bbox 707 4045 747 4110; x_wconf 86' lang='lat' dir='ltr'><strong>de</strong></span> <span class='ocrx_word' id='word_1_242' title='bbox 763 4045 998 4134; x_wconf 83' lang='lat' dir='ltr'><strong>Bruggestrete</strong></span> <span class='ocrx_word' id='word_1_243' title='bbox 1021 4057 1055 4115; x_wconf 86' lang='lat' dir='ltr'><strong>et</strong></span> <span class='ocrx_word' id='word_1_244' title='bbox 1080 4049 1340 4132; x_wconf 86' lang='lat' dir='ltr'><strong>Oldefishstrete,</strong></span> <span class='ocrx_word' id='word_1_245' title='bbox 1364 4059 1399 4120; x_wconf 89' lang='lat' dir='ltr'><strong>et</strong></span> <span class='ocrx_word' id='word_1_246' title='bbox 1425 4051 1520 4117; x_wconf 85' lang='lat' dir='ltr'><strong>etiam</strong></span> <span class='ocrx_word' id='word_1_247' title='bbox 1539 4048 1567 4110; x_wconf 90' lang='lat' dir='ltr'><strong>in</strong></span> 
     </span>
     <span class='ocr_line' id='line_1_32' title="bbox 369 4146 1568 4237; baseline -0.001 -21"><span class='ocrx_word' id='word_1_248' title='bbox 369 4157 503 4204; x_wconf 63' lang='lat' dir='ltr'><strong>amaena</strong></span> <span class='ocrx_word' id='word_1_249' title='bbox 536 4146 678 4231; x_wconf 90' lang='lat' dir='ltr'><strong>quodam</strong></span> <span class='ocrx_word' id='word_1_250' title='bbox 694 4147 765 4212; x_wconf 87' lang='lat' dir='ltr'><strong>loco</strong></span> <span class='ocrx_word' id='word_1_251' title='bbox 780 4149 838 4234; x_wconf 92' lang='lat' dir='ltr'><strong>qui</strong></span> <span class='ocrx_word' id='word_1_252' title='bbox 852 4155 991 4214; x_wconf 85' lang='lat' dir='ltr'><strong>vocatur</strong></span> <span class='ocrx_word' id='word_1_253' title='bbox 1009 4159 1025 4186; x_wconf 91' lang='lat'><strong>“</strong></span> <span class='ocrx_word' id='word_1_254' title='bbox 1039 4149 1068 4216; x_wconf 79' lang='lat' dir='ltr'><strong>le</strong></span> <span class='ocrx_word' id='word_1_255' title='bbox 1083 4151 1246 4218; x_wconf 76' lang='lat' dir='ltr'><strong>Stoblccs.”</strong></span> <span class='ocrx_word' id='word_1_256' title='bbox 1291 4154 1337 4220; x_wconf 84' lang='lat' dir='ltr'><strong>Et</strong></span> <span class='ocrx_word' id='word_1_257' title='bbox 1354 4154 1478 4230; x_wconf 87' lang='lat' dir='ltr'><strong>dicunt,</strong></span> <span class='ocrx_word' id='word_1_258' title='bbox 1493 4147 1568 4237; x_wconf 85' lang='lat' dir='ltr'><strong>quod</strong></span> 
     </span>
    </p>
   </div>
   <div class='ocr_carea' id='block_1_16' title="bbox 369 4205 1569 4357">
    <p class='ocr_par' dir='ltr' id='par_1_17' title="bbox 369 4205 1569 4357">
     <span class='ocr_line' id='line_1_33' title="bbox 369 4205 1569 4357; baseline -0.03 -8"><span class='ocrx_word' id='word_1_259' title='bbox 369 4205 502 4357; x_wconf 45' lang='lat' dir='ltr'><strong>iiiiii?</strong></span> <span class='ocrx_word' id='word_1_260' title='bbox 536 4248 564 4311; x_wconf 56' lang='grc' dir='ltr'><strong>Εἰ</strong></span> <span class='ocrx_word' id='word_1_261' title='bbox 586 4247 736 4335; x_wconf 64' lang='lat' dir='ltr'><strong>Priedicti</strong></span> <span class='ocrx_word' id='word_1_262' title='bbox 762 4250 936 4334; x_wconf 63' lang='lat' dir='ltr'><strong>Pisoenflrfi</strong></span> <span class='ocrx_word' id='word_1_263' title='bbox 962 4251 1016 4317; x_wconf 83' lang='lat' dir='ltr'><strong>del</strong></span> <span class='ocrx_word' id='word_1_264' title='bbox 1039 4253 1222 4320; x_wconf 83' lang='lat' dir='ltr'><strong>Fishwarfe</strong></span> <span class='ocrx_word' id='word_1_265' title='bbox 1244 4257 1366 4342; x_wconf 87' lang='lat' dir='ltr'><strong>piscem</strong></span> <span class='ocrx_word' id='word_1_266' title='bbox 1387 4277 1482 4322; x_wconf 90' lang='lat' dir='ltr'><strong>suum</strong></span> <span class='ocrx_word' id='word_1_267' title='bbox 1503 4273 1569 4316; x_wconf 91' lang='lat' dir='ltr'><strong>vcn-</strong></span> 
     </span>
    </p>
   </div>
   <div class='ocr_carea' id='block_1_17' title="bbox 368 4349 1566 4456">
    <p class='ocr_par' dir='ltr' id='par_1_18' title="bbox 368 4349 1566 4456">
     <span class='ocr_line' id='line_1_34' title="bbox 368 4349 1566 4456; baseline 0.014 -46"><span class='ocrx_word' id='word_1_268' title='bbox 368 4363 518 4456; x_wconf 53' lang='lat' dir='ltr'><strong>pqpqqsm</strong></span> <span class='ocrx_word' id='word_1_269' title='bbox 536 4349 657 4414; x_wconf 89' lang='lat' dir='ltr'><strong>ditioni</strong></span> <span class='ocrx_word' id='word_1_270' title='bbox 669 4357 873 4436; x_wconf 86' lang='lat' dir='ltr'><strong>exponerent</strong></span> <span class='ocrx_word' id='word_1_271' title='bbox 886 4352 923 4416; x_wconf 92' lang='lat' dir='ltr'><strong>in</strong></span> <span class='ocrx_word' id='word_1_272' title='bbox 938 4353 1048 4438; x_wconf 89' lang='lat' dir='ltr'><strong>aliquo</strong></span> <span class='ocrx_word' id='word_1_273' title='bbox 1064 4355 1166 4419; x_wconf 87' lang='lat' dir='ltr'><strong>trium</strong></span> <span class='ocrx_word' id='word_1_274' title='bbox 1182 4355 1327 4423; x_wconf 88' lang='lat' dir='ltr'><strong>locorum</strong></span> <span class='ocrx_word' id='word_1_275' title='bbox 1341 4357 1566 4444; x_wconf 56' lang='lat' dir='ltr'><strong>praedictorum.</strong></span> 
     </span>
    </p>
   </div>
   <div class='ocr_carea' id='block_1_18' title="bbox 368 4453 1569 4558">
    <p class='ocr_par' dir='ltr' id='par_1_19' title="bbox 368 4453 1569 4558">
     <span class='ocr_line' id='line_1_35' title="bbox 368 4453 1569 4558; baseline -0.004 -37"><span class='ocrx_word' id='word_1_276' title='bbox 368 4462 489 4558; x_wconf 41' lang='lat' dir='ltr'><strong>magt!</strong></span> <span class='ocrx_word' id='word_1_277' title='bbox 536 4456 616 4516; x_wconf 87' lang='lat' dir='ltr'><strong>tunc</strong></span> <span class='ocrx_word' id='word_1_278' title='bbox 638 4453 745 4536; x_wconf 85' lang='lat' dir='ltr'><strong>major</strong></span> <span class='ocrx_word' id='word_1_279' title='bbox 771 4455 941 4538; x_wconf 87' lang='lat' dir='ltr'><strong>quantitas</strong></span> <span class='ocrx_word' id='word_1_280' title='bbox 975 4455 1114 4541; x_wconf 89' lang='lat' dir='ltr'><strong>piscium</strong></span> <span class='ocrx_word' id='word_1_281' title='bbox 1151 4457 1275 4524; x_wconf 89' lang='lat' dir='ltr'><strong>ibidem</strong></span> <span class='ocrx_word' id='word_1_282' title='bbox 1312 4460 1515 4525; x_wconf 83' lang='lat' dir='ltr'><strong>inveniretur</strong></span> <span class='ocrx_word' id='word_1_283' title='bbox 1540 4457 1569 4519; x_wconf 87' lang='lat' dir='ltr'><strong>et</strong></span> 
     </span>
    </p>
   </div>
   <div class='ocr_carea' id='block_1_19' title="bbox 367 4553 1568 4665">
    <p class='ocr_par' dir='ltr' id='par_1_20' title="bbox 367 4553 1568 4665">
     <span class='ocr_line' id='line_1_36' title="bbox 367 4553 1568 4665; baseline 0.017 -56"><span class='ocrx_word' id='word_1_284' title='bbox 367 4564 523 4665; x_wconf 49' lang='lat' dir='ltr'><strong>ppqsqqu</strong></span> <span class='ocrx_word' id='word_1_285' title='bbox 534 4553 642 4617; x_wconf 91' lang='lat' dir='ltr'><strong>minor</strong></span> <span class='ocrx_word' id='word_1_286' title='bbox 664 4553 805 4620; x_wconf 80' lang='lat' dir='ltr'><strong>karistia</strong></span> <span class='ocrx_word' id='word_1_287' title='bbox 819 4557 1004 4622; x_wconf 86' lang='lat' dir='ltr'><strong>eorundem.</strong></span> <span class='ocrx_word' id='word_1_288' title='bbox 1051 4557 1097 4624; x_wconf 86' lang='lat' dir='ltr'><strong>Et</strong></span> <span class='ocrx_word' id='word_1_289' title='bbox 1120 4559 1244 4640; x_wconf 88' lang='lat' dir='ltr'><strong>dieunt,</strong></span> <span class='ocrx_word' id='word_1_290' title='bbox 1269 4563 1357 4648; x_wconf 92' lang='lat' dir='ltr'><strong>quod</strong></span> <span class='ocrx_word' id='word_1_291' title='bbox 1380 4561 1461 4627; x_wconf 90' lang='lat' dir='ltr'><strong>dicti</strong></span> <span class='ocrx_word' id='word_1_292' title='bbox 1481 4560 1568 4646; x_wconf 68' lang='lat' dir='ltr'><strong>pisce⁴</strong></span> 
     </span>
    </p>
   </div>
   <div class='ocr_carea' id='block_1_20' title="bbox 367 4653 1567 4757">
    <p class='ocr_par' dir='ltr' id='par_1_21' title="bbox 367 4653 1567 4757">
     <span class='ocr_line' id='line_1_37' title="bbox 367 4653 1567 4757; baseline 0.004 -42"><span class='ocrx_word' id='word_1_293' title='bbox 367 4675 459 4757; x_wconf 51' lang='lat' dir='ltr'><strong>eum</strong></span> <span class='ocrx_word' id='word_1_294' title='bbox 534 4655 620 4719; x_wconf 91' lang='lat' dir='ltr'><strong>narii</strong></span> <span class='ocrx_word' id='word_1_295' title='bbox 635 4654 689 4719; x_wconf 90' lang='lat' dir='ltr'><strong>del</strong></span> <span class='ocrx_word' id='word_1_296' title='bbox 712 4653 883 4736; x_wconf 71' lang='lat' dir='ltr'><strong>Fnhwarf,</strong></span> <span class='ocrx_word' id='word_1_297' title='bbox 900 4679 959 4740; x_wconf 86' lang='lat' dir='ltr'><strong>per</strong></span> <span class='ocrx_word' id='word_1_298' title='bbox 981 4659 1225 4727; x_wconf 84' lang='lat' dir='ltr'><strong>ordinationem</strong></span> <span class='ocrx_word' id='word_1_299' title='bbox 1251 4669 1286 4728; x_wconf 90' lang='lat' dir='ltr'><strong>et</strong></span> <span class='ocrx_word' id='word_1_300' title='bbox 1308 4663 1567 4750; x_wconf 88' lang='lat' dir='ltr'><strong>conspirationem</strong></span> 
     </span>
    </p>
   </div>
   <div class='ocr_carea' id='block_1_21' title="bbox 367 4723 1567 4857">
    <p class='ocr_par' dir='ltr' id='par_1_22' title="bbox 367 4723 1567 4857">
     <span class='ocr_line' id='line_1_38' title="bbox 367 4723 1567 4857; baseline -0.002 -29"><span class='ocrx_word' id='word_1_301' title='bbox 367 4723 476 4857; x_wconf 41' lang='grc' dir='ltr'><strong>ἓξὲξ</strong></span> <span class='ocrx_word' id='word_1_302' title='bbox 534 4777 626 4821; x_wconf 83' lang='lat' dir='ltr'><strong>suam</strong></span> <span class='ocrx_word' id='word_1_303' title='bbox 648 4761 823 4844; x_wconf 85' lang='lat' dir='ltr'><strong>propriam,</strong></span> <span class='ocrx_word' id='word_1_304' title='bbox 847 4766 1039 4827; x_wconf 88' lang='lat' dir='ltr'><strong>statuerunt</strong></span> <span class='ocrx_word' id='word_1_305' title='bbox 1061 4767 1185 4830; x_wconf 85' lang='lat' dir='ltr'><strong>certum</strong></span> <span class='ocrx_word' id='word_1_306' title='bbox 1208 4765 1351 4852; x_wconf 86' lang='lat' dir='ltr'><strong>pretium</strong></span> <span class='ocrx_word' id='word_1_307' title='bbox 1378 4765 1418 4830; x_wconf 90' lang='lat' dir='ltr'><strong>de</strong></span> <span class='ocrx_word' id='word_1_308' title='bbox 1440 4760 1567 4851; x_wconf 79' lang='lat' dir='ltr'><strong>piscibus</strong></span> 
     </span>
    </p>
   </div>
   <div class='ocr_carea' id='block_1_22' title="bbox 0 0 1736 5836">
    <p class='ocr_par' dir='ltr' id='par_1_23' title="bbox 0 0 1736 5836">
     <span class='ocr_line' id='line_1_39' title="bbox 0 0 1736 5836; baseline 0 0"><span class='ocrx_word' id='word_1_309' title='bbox 0 0 1736 5836; x_wconf 95' lang='lat' dir='ltr'><strong> </strong></span> 
     </span>
    </p>
   </div>
  </div>
 </body>
</html>
