3600 5822
463 855 528 925 312
797 875 901 928 mone
922 871 1166 930 cusrnmanu.
1218 911 1223 914 -
1304 864 1365 952 [14
1380 879 1464 932 now.
1480 879 1518 930 11.

295 1071 434 1165 ‘lmus
463 1067 483 1098 “
505 1061 555 1126 nii
570 1063 815 1146 consuetudine,
830 1069 865 1131 et
888 1065 931 1132 de
945 1066 1100 1154 Pevagio,
1117 1063 1289 1155 Pontagio,
1305 1071 1340 1133 et
1357 1067 1516 1156 Muragio,

295 1173 412 1268 affines
465 1170 484 1200 “
507 1167 541 1230 et
563 1165 605 1232 de
624 1165 791 1246 Bredthol,
809 1167 1029 1255 Ohi[l]dwite,
1045 1163 1239 1278 Jeresgyve,
1257 1175 1292 1236 et
1314 1170 1356 1236 de
1378 1169 1518 1248 Sootale,
1588 1181 1591 1188 '

338 1253 345 1266 ⁵
401 1356 423 1368 ..
464 1275 482 1302 “
505 1267 554 1332 ita
584 1269 673 1354 quod
695 1269 911 1336 Vioeoomites
935 1269 1188 1352 londoniarum,
1212 1272 1268 1338 vel
1290 1273 1410 1359 aliquis
1432 1272 1518 1339 alius

295 1354 483 1450 ii¹211¹¹3¹ii¹‘’“
506 1369 664 1451 Baiiivus,
685 1369 814 1437 Sootale
830 1393 898 1438 non
920 1371 1052 1439 faciant.
1098 1375 1144 1440 Et
1160 1374 1250 1461 quod
1264 1397 1378 1440 omnes
1393 1380 1428 1441 et
1449 1375 1517 1440 sin-

296 1457 434 1553 }{ffiff‘
466 1481 483 1508 “
505 1473 577 1560 guli
603 1475 644 1539 de
668 1473 805 1540 civitate
821 1474 991 1562 praedicta,
1008 1475 1224 1543 libertatibus
1247 1484 1281 1543 st
1304 1475 1419 1544 liberis
1442 1499 1516 1543 oon-

465 1582 484 1612 “
507 1575 737 1642 suetudinibus
759 1577 902 1665 gaudere
914 1579 1073 1658 volentes,
1090 1580 1158 1646 sint
1175 1581 1212 1646 in
1228 1579 1328 1647 Lotto
1344 1589 1378 1647 et
1392 1580 1516 1661 Sootto,

465 1684 484 1715 “
507 1684 542 1745 et
563 1679 741 1766 participes
756 1682 904 1746 omnium
920 1702 1057 1748 onerum
1069 1704 1129 1770 pro
1144 1687 1236 1748 statu
1250 1682 1407 1763 civitatis,
1415 1685 1518 1770 juxta

466 1788 484 1818 “
505 1791 745 1848 saoramentum
778 1804 875 1850 suum
908 1784 998 1871 quod
1027 1783 1176 1851 feeerrmt
1198 1786 1331 1871 quando
1353 1787 1396 1852 ad
1418 1786 1516 1852 liber-

464 1891 483 1920 “
505 1889 610 1951 tatem
632 1885 779 1953 civitatis
801 1887 968 1974 praediotae
991 1887 1127 1954 admissi
1148 1889 1304 1970 fuerunt;
1326 1895 1362 1955 et
1384 1889 1442 1974 qni
1457 1889 1519 1956 hoc

465 1996 483 2022 “
505 1987 660 2070 noluerit,
692 1989 882 2056 libertatem
916 1989 1063 2077 ejusdem
1100 1991 1248 2058 civitatis
1282 1991 1425 2058 amittat
1472 1991 1519 2058 Et

464 2093 595 2178 “quod
628 2091 677 2157 illi
709 2093 768 2180 qui
804 2099 902 2160 extra
938 2093 1128 2160 libertatem
1166 2093 1313 2162 civitatis
1350 2094 1518 2182 praedietae

463 2200 482 2230 ‘⁶
504 2199 584 2260 sunt
605 2200 785 2274 manentes,
809 2217 848 2262 ao
870 2217 929 2283 per
959 2217 994 2262 se
1016 2197 1071 2264 vel
1102 2219 1160 2284 per
1191 2219 1267 2263 suos
1297 2196 1519 2263 mercandisas

464 2303 483 2334 “
506 2319 581 2363 suas
602 2297 689 2364 inira
703 2297 827 2365 domm
851 2297 1022 2365 civitatem
1045 2304 1243 2380 exercentes,
1260 2299 1328 2365 sint·
1349 2299 1386 2364 in
1402 2297 1518 2366 Scotto

462 2407 483 2438 ‘⁶
507 2404 542 2466 et
580 2399 680 2466 Lotto
714 2421 788 2466 eum
832 2401 1030 2467 oomunariis
1069 2401 1215 2467 civitatis
1258 2400 1425 2488 predicta
1458 2422 1519 2488 pro

465 2507 482 2538 “
506 2502 717 2568 mercandisis
739 2503 808 2570 suis
831 2503 1007 2590 praedictis,
1030 2504 1085 2568 vel
1107 2503 1196 2590 quod
1217 2503 1299 2569 alias
1321 2525 1342 2568 a
1363 2503 1518 2568 libertate

329 2637 390 2669 0010
401 2639 425 2669 u·
463 2611 484 2642 “
506 2625 567 2668 sua
588 2611 813 2672 amoveantur.
860 2605 907 2673 Et
939 2606 1028 2692 quod
1050 2611 1245 2673 mercatores
1268 2606 1327 2694 qui
1349 2627 1418 2672 non
1439 2615 1518 2672 sunt

293 2688 367 2719 ⁸⁰⁰⁰
386 2689 441 2720 Μ’
464 2713 482 2742 “
506 2706 546 2771 de
569 2707 724 2772 libertate
757 2707 904 2774 civitatis
939 2709 1105 2796 praedictae
1127 2709 1207 2774 vina
1228 2707 1348 2794 aliqua,
1372 2730 1430 2775 seu
1452 2707 1519 2774 alia

504 2808 725 2887 mercimonia,
765 2809 852 2875 inira
890 2811 1028 2877 eandem
1059 2809 1231 2877 civitatem
1265 2831 1323 2876 seu
1358 2809 1518 2877 suburbia

464 2920 483 2948 “
506 2911 651 2998 ejusdem
674 2911 718 2978 ad
740 2912 903 2978 retailiam
925 2935 993 2980 non
1016 2913 1173 2980 vendant
1219 2913 1266 2980 Et
1280 2913 1382 2981 etiam
1397 2913 1518 2980 habere

330 3066 343 3097 θ
371 3065 385 3096 0
464 3022 482 3052 “
507 3015 627 3103 Ripam
663 3015 810 3104 Regina,
833 3037 908 3083 eum
946 3017 1100 3083 omuibus
1135 3017 1346 3083 libertatibus
1377 3025 1411 3083 et
1442 3039 1517 3083 con-

346 3116 405 3148 ’Μ
464 3123 483 3154 “
506 3117 738 3184 suetudinibus
762 3119 922 3198 omnibus,
946 3124 982 3186 et
1003 3119 1157 3186 omnibus
1178 3119 1277 3186 rebus
1302 3120 1346 3186 ad
1367 3141 1407 3185 ea
1429 3141 1518 3207 speo

465 3227 484 3258 “
508 3219 671 3303 tentibus,
702 3241 761 3309 per
793 3226 917 3289 oertam
951 3221 1081 3288 firmam
1114 3222 1199 3310 Regi
1221 3243 1281 3310 per
1304 3243 1430 3289 annum
1452 3222 1516 3288 sol-

466 3330 483 3360 “
506 3323 658 3391 vendam
705 3323 752 3390 Et
773 3323 862 3411 quod
884 3345 997 3390 omnes
1019 3325 1190 3392 libertates
1212 3330 1247 3391 et
1270 3347 1383 3391 omnes
1405 3324 1517 3392 libera

464 3425 760 3494 “eonsuetudines
797 3448 874 3508 suae,
912 3427 948 3492 in
988 3427 1126 3494 civitate
1162 3427 1324 3515 praedicta
1360 3427 1519 3494 haetenus

466 3537 485 3568 “
506 3531 648 3612 usitata,
684 3530 748 3596 sibi
779 3533 990 3597 reserventur
1026 3531 1148 3612 iliaesae,
1172 3535 1208 3598 et
1238 3531 1426 3597 allooentur.
1473 3529 1520 3596 Et

342 3663 347 3676 ·
395 3643 430 3677 ὦ
466 3633 598 3721 “quod
631 3633 742 3700 nullus
775 3638 935 3700 mereator
956 3632 1012 3699 val
1042 3632 1128 3700 alius
1151 3633 1284 3700 obviam
1311 3637 1367 3700 eat
1397 3653 1520 3699 meroa-

296 3707 435 3843 J⁰n⁰i⁵ri
467 3745 485 3776 “
508 3737 637 3804 toribus
658 3731 877 3816 venientibus,
904 3757 963 3824 per
986 3739 1110 3802 terram
1132 3736 1187 3804 vel
1208 3758 1267 3824 per
1289 3757 1420 3823 aquam,
1443 3755 1519 3802 eum

467 3847 487 3879 “
509 3839 720 3907 mercandisis
743 3837 811 3904 suis
833 3844 869 3905 et
893 3837 1096 3906 viotuedibua
1116 3861 1230 3907 versus
1252 3838 1425 3905 civitatem
1438 3857 1522 3925 prae-

467 3952 487 3980 “
510 3944 644 4023 dietam
666 3942 710 4008 ad
736 3941 911 4008 emendum
934 3942 989 4007 vel
1011 3940 1266 4022 revendendum,
1283 3961 1453 4028 quousque
1476 3939 1522 4006 ad

467 4053 486 4086 “
509 4046 633 4113 dietam
655 4045 826 4112 civitatem
848 4045 1002 4111 venerint
1024 4049 1060 4111 et
1081 4044 1292 4111 mercimonia
1315 4065 1375 4110 sua
1396 4043 1521 4109 ibidem

468 4159 487 4190 “
508 4149 696 4220 venditioni
713 4146 944 4236 exposuerint3
968 4147 1031 4214 sub
1053 4145 1261 4216 forisfactura
1275 4145 1324 4214 rei
1339 4151 1461 4234 empta
1483 4149 1520 4211 et

468 4262 485 4291 “
507 4275 608 4342 poena
619 4253 794 4332 sarreriae
813 4251 963 4338 quosine
973 4250 1070 4339 gravi
1084 4249 1301 4338 castigatione
1312 4271 1380 4316 non
1391 4247 1521 4316 evadat

466 4364 486 4396 “
508 4358 555 4424 Et
577 4357 665 4444 quod
686 4355 797 4422 nullus
831 4360 976 4444 exponat
1004 4353 1216 4420 mercimonia
1237 4351 1423 4420 venditioni
1445 4371 1522 4440 quae

466 4468 485 4498 “
508 4467 694 4528 custumam
708 4458 861 4537 debeant,
885 4477 1056 4544 quousque
1072 4455 1187 4523 debita
1209 4461 1361 4522 onstuma
1381 4453 1520 4535 levetur,

468 4573 486 4602 “
509 4565 571 4630 sub
594 4561 802 4630 forisfactura
824 4561 928 4630 totius
953 4561 1058 4627 averii
1080 4559 1122 4626 de
1148 4581 1214 4647 quo
1236 4580 1328 4626 seous
1349 4558 1422 4624 fieri
1444 4578 1522 4624 oon·

299 4705 420 4756 Mum
468 4677 486 4704 “
508 4667 624 4756 tinget.
671 4665 717 4734 Et
740 4665 830 4752 quod
851 4665 935 4730 nulli
957 4661 1151 4742 Justieiarii,
1168 4684 1211 4728 ex
1233 4667 1328 4750 parte
1351 4661 1451 4748 Regis
1466 4659 1521 4726 vel

296 4761 445 4857 {fflfflff
469 4778 488 4808 “
511 4769 678 4836 haeredum
700 4791 844 4848 suorum,
874 4789 934 4854 pro
957 4766 1123 4854 aliquibus
1145 4765 1182 4830 in
1204 4764 1340 4831 civitate
1362 4763 1523 4852 praedicta

298 4863 455 4961 ffiffi
468 4881 487 4912 ‘⁴
508 4873 563 4940 vel
585 4870 751 4940 suburbiis
773 4871 921 4960 ejusdem
942 4868 1197 4958 emergentibus,
1219 4866 1437 4955 assignentur,
1459 4866 1520 4932 alii
