3600 5822
448 853 514 920 254
782 863 884 916 unua
908 859 1153 916 coenoman
1275 844 1335 938 [52
1356 864 1437 918 una
1455 865 1508 924 111.

449 1059 469 1091 “
490 1050 545 1118 vel
559 1049 816 1131 revendendum,
833 1069 1002 1136 quousque
1017 1047 1062 1116 ad
1080 1047 1204 1115 dietam
1218 1048 1391 1116 civitatem
1406 1071 1506 1117 vene

450 1164 468 1192 “
489 1156 560 1222 rint
575 1159 610 1222 et
624 1153 836 1220 mercimonia
850 1175 911 1220 sua
932 1152 1057 1218 ibidem
1079 1151 1267 1218 venditioni
1281 1154 1504 1240 exposuerint,

449 1264 587 1345 “super
612 1255 854 1323 forisfacturam
879 1255 928 1322 rei
952 1259 1072 1341 emptu
1098 1259 1133 1320 et
1155 1275 1288 1341 poenam
1317 1256 1462 1334 carueris,
1485 1278 1507 1322 u

448 1367 555 1447 “quo
591 1360 664 1426 sine
694 1359 790 1446 gravi
823 1357 1041 1445 castigatione
1072 1377 1142 1422 non
1176 1357 1303 1424 evadat
1349 1357 1396 1424 Et
1418 1358 1506 1446 quod

449 1463 600 1530 “nullus
623 1466 770 1549 exponat
791 1459 1005 1528 mercimonia
1030 1481 1091 1526 sua
1113 1459 1311 1539 venditioni,
1336 1479 1411 1546 quaa
1434 1481 1507 1526 ous-

447 1574 466 1604 “
487 1572 616 1633 tumam
647 1564 798 1645 debeant,
835 1583 1005 1650 quousque
1039 1561 1155 1630 debita
1180 1567 1332 1628 euuume
1365 1562 1503 1642 levetur,

447 1674 465 1704 “
487 1670 549 1735 sub
574 1667 781 1736 forisfaottua
802 1666 907 1734 totius
940 1664 1045 1732 averii
1067 1665 1109 1732 de
1131 1687 1197 1752 quo
1219 1686 1311 1732 aeuus
1333 1665 1406 1732 fieri
1428 1687 1504 1734 oon-

447 1780 464 1808 “
488 1772 605 1859 tinget
650 1769 697 1836 Et
720 1768 808 1856 quod
829 1767 940 1835 nullus
955 1773 1128 1846 mereator,
1145 1772 1325 1835 extraneus
1339 1768 1502 1850 velatus,

446 1881 464 1912 “
487 1873 612 1940 vendat
641 1871 697 1938 vel
727 1875 817 1938 emat
849 1871 985 1956 aliquod
1016 1870 1165 1937 averium
1203 1871 1292 1956 quod
1329 1869 1502 1957 [anduari

447 1976 608 2044 “debeat
636 1975 692 2042 vel
721 1973 858 2052 tronari,
895 1973 960 2038 nisi
991 1994 1050 2060 per
1087 1976 1248 2039 stateram
1278 1973 1335 2040 vol
1371 1978 1502 2039 tronum

447 2086 465 2118 “
487 2084 643 2157 nostram,
676 2075 738 2144 sub
773 2074 982 2143 forisfactura
1020 2074 1125 2142 averli
1162 2075 1321 2163 praedicti
1379 2074 1504 2142 Debita

446 2187 465 2222 “
488 2184 630 2270 insuper,
663 2201 746 2268 quse,
764 2190 814 2246 ‘ex
847 2178 915 2246 suis
947 2178 1172 2246 contractibus
1202 2177 1258 2246 vel
1295 2179 1432 2260 mutuis,
1455 2179 1502 2244 eiu

448 2293 466 2320 “
489 2284 709 2363 debebuutur,
725 2283 768 2348 ad
784 2303 898 2354 eoram
912 2281 1124 2348 securitatem
1144 2282 1181 2346 in
1195 2285 1308 2348 nostro
1324 2280 1500 2364 Scaooario,

447 2393 466 2426 “
488 2387 532 2454 ad
564 2384 821 2472 recognitionem
853 2393 965 2452 'eorum
995 2385 1053 2471 qui
1083 2383 1148 2450 sibi
1177 2383 1215 2450 in
1248 2383 1346 2450 dietis
1380 2382 1502 2450 debitis

449 2499 467 2528 “
489 2489 700 2566 tenebuntur,
716 2487 841 2554 faciant
855 2484 1025 2554 irrotulari
1038 2510 1047 2568 ;
1062 2486 1113 2554 ita
1127 2491 1250 2568 tamen
1267 2485 1357 2573 quod
1371 2486 1501 2554 nullum

448 2591 639 2660 “debitum
670 2589 864 2657 irrotuletur
892 2612 952 2677 per
981 2589 1238 2678 reoognitionem
1267 2589 1405 2677 alicujus
1443 2590 1501 2678 qui

447 2702 466 2732 “
488 2715 557 2760 non
588 2693 633 2758 eit
663 2691 712 2758 ibi
743 2697 851 2774 notus,
875 2692 930 2760 vel
952 2691 1018 2758 nisi
1050 2697 1180 2759 constet
1205 2691 1246 2758 de
1272 2715 1333 2760 sua
1361 2713 1500 2779 persona

448 2803 466 2834 “
490 2818 548 2884 per
571 2793 800 2862 testimonium
824 2815 884 2860 sex
905 2793 959 2862 vel
975 2799 1118 2882 quatuor
1139 2795 1296 2882 legalium
1317 2795 1499 2874 hominum,

449 2907 466 2938 “
488 2897 547 2985 qui
568 2898 638 2964 siut
660 2895 856 2962 sufficientes
878 2897 923 2962 ad
944 2897 1208 2985 respondendum
1230 2902 1300 2963 tam
1322 2897 1364 2963 de
1387 2896 1500 2964 debito

448 3011 466 3040 “
489 3023 589 3088 quam
611 3001 653 3066 de
667 2998 789 3065 damno
805 2999 894 3085 quod
916 2999 1094 3066 habuerint
1110 3001 1214 3086 aliqui
1229 3022 1287 3088 per
1309 3000 1498 3087 hujusmodi

448 3112 466 3144 “
488 3103 754 3192 reoognitiouem,
771 3101 799 3168 si
816 3123 889 3168 eam
904 3102 985 3168 falso
1006 3102 1078 3168 fieri
1100 3103 1273 3190 contingat
1288 3105 1350 3170 sub
1364 3103 1499 3169 nomine

448 3217 465 3247 “
488 3209 643 3296 ipsorum.
689 3203 736 3272 Et
766 3225 825 3291 pro
855 3203 941 3272 libra
971 3204 1121 3290 qualibet
1150 3205 1187 3270 in
1217 3205 1306 3272 dioto
1330 3205 1498 3272 Soaooou‘lo

446 3317 466 3350 ‘⁴
488 3307 703 3386 irrotulands,
718 3305 873 3374 denarius
896 3327 983 3372 unus
1005 3308 1154 3374 solvatur
1175 3308 1220 3374 ad
1233 3329 1314 3394 opus
1336 3314 1498 3389 nostrum,

446 3423 463 3451 “
486 3435 547 3502 pro
563 3431 661 3480 onere
676 3409 929 3477 sustentationis
946 3431 1060 3476 eorum
1075 3431 1157 3496 quos
1173 3410 1361 3497 hujusmodi
1376 3412 1497 3477 irrotu-

446 3522 464 3553 “
486 3516 648 3583 lationem
670 3513 844 3581 intendere
867 3512 1043 3599 oportebit
1092 3513 1165 3578 Has
1190 3518 1303 3580 autem
1324 3513 1495 3580 libertates

447 3625 465 3658 ·‘
487 3623 523 3686 et
536 3617 657 3684 liberas
679 3615 933 3682 eonsuetudines
948 3615 995 3681 eis
1011 3616 1235 3698 oonoeesimus,
1250 3617 1419 3683 habendae
1435 3618 1498 3684 sibi

445 3726 465 3758 “
487 3725 522 3788 et
545 3719 730 3788 haeredibus
756 3739 878 3798 eorum,
913 3717 1072 3802 quamdiu
1098 3739 1177 3805 erga
1206 3738 1266 3784 noe
1292 3724 1326 3784 et
1348 3719 1495 3786 haeredes

445 3829 464 3861 “
486 3827 615 3890 uoetros
629 3823 714 3889 bene
740 3825 776 3888 et
798 3820 943 3886 fideliter
964 3841 999 3886 se
1021 3821 1219 3902 habuerint3
1241 3841 1310 3887 una
1332 3841 1406 3888 uum
1421 3821 1495 3888 aliis

444 3925 583 4013 “justis
606 3929 640 3991 et
663 3921 881 3989 rationalibus
905 3923 1199 3990 consuetudinibus
1213 3922 1289 4002 suis,
1314 3945 1396 4010 quas
1410 3928 1494 3990 tem-

445 4039 462 4066 “
485 4028 621 4117 poribus
642 4025 916 4114 praedeeessorum
939 4032 1126 4093 nostronun
1148 4031 1183 4093 et
1205 4031 1318 4092 nostro
1336 4027 1495 4096 hactenus

446 4139 463 4169 “
486 4131 682 4208 habueruut,
693 4133 764 4194 tam
780 4127 822 4194 de
835 4128 940 4194 forma
955 4134 989 4195 et
1003 4129 1102 4196 modo
1113 4129 1295 4216 placitandi
1305 4131 1345 4195 de
1356 4131 1493 4212 tenuris,

446 4244 465 4272 ‘¹
486 4234 617 4315 debitis,
654 4235 689 4298 et
726 4230 924 4298 vadimoniis
953 4232 1028 4310 suis,
1059 4254 1159 4319 quam
1189 4231 1230 4298 de
1259 4231 1332 4298 aliis
1361 4233 1495 4319 quibus·

446 4344 464 4378 “
487 4357 616 4424 ounque
641 4335 770 4402 ausibus
800 4339 836 4400 et
860 4335 947 4421 ipsos
973 4339 1008 4400 et
1034 4335 1205 4400 civitatem
1227 4335 1332 4422 ipsam
1355 4340 1493 4424 tangen-

444 4451 462 4480 “
485 4441 598 4508 tibus:
639 4439 720 4507 dum
748 4441 863 4505 tamen
899 4437 1152 4504 eonsuetudines
1181 4437 1249 4505 illae
1281 4439 1424 4523 justitia
1457 4444 1493 4506 et

445 4551 463 4580 “
486 4543 587 4609 reotis
601 4541 729 4630 legibus
751 4540 923 4606 oontrauiae
938 4563 1007 4606 non
1025 4541 1179 4606 exismt.
1213 4539 1323 4607 Salvis
1337 4542 1373 4605 in
1388 4543 1494 4608 omni·

443 4653 463 4684 “
484 4646 547 4713 bus
578 4642 790 4710 libertatibus
825 4643 967 4710 eeolesiae
991 4643 1283 4724 Westmonasterii,
1307 4643 1434 4710 Abbati
1457 4649 1492 4712 et

446 4759 464 4784 “
488 4747 659 4816 Monuohis
674 4745 820 4833 ejusdem
835 4745 898 4812 loci
921 4768 981 4838 per
1003 4746 1144 4815 Chartae
1166 4753 1295 4812 nostrus
1311 4752 1345 4812 et
1367 4747 1490 4834 praede-
