3648 5816
444 868 487 934 94
671 963 672 968 Ν
777 879 882 932 arnna
904 877 1154 934 ousrunauun
1295 870 1353 950 [26
1370 883 1495 938 nnur

442 1067 571 1154 praefati
593 1069 660 1136 duo
682 1068 909 1149 Aldermanni,
934 1091 1002 1136 una
1029 1090 1103 1136 oum
1128 1070 1325 1151 Camerario,
1348 1072 1495 1140 habeant

441 1171 572 1257 plenam
594 1177 793 1258 potestatem
820 1173 863 1237 ed
886 1172 1088 1238 audiendum
1111 1178 1146 1240 et
1171 1175 1429 1257 terminandum,
1459 1181 1494 1242 εὴ

441 1273 523 1340 fines
545 1273 770 1362 recipiendum
793 1275 834 1340 de
857 1275 1023 1361 pradiotis
1045 1277 1268 1363 apprentiaiia

842 1479 1094 1503 m

631 1625 820 1696 Ordinatio
844 1623 1116 1695 Uoureariomm
1137 1623 1301 1694 Peuma

486 1797 549 1865 Die
583 1795 687 1864 Lunae
718 1797 872 1884 proxima
905 1801 982 1886 post
1013 1797 1135 1863 festum
1171 1797 1287 1863 Sancti
1312 1795 1490 1875 Michaelis,

439 1921 526 1968 anno
559 1901 659 1988 Regis
682 1899 839 1967 Edwardi
870 1899 1068 1988 supradicto,
1092 1900 1325 1966 concordatum
1348 1899 1413 1965 fuit
1434 1922 1493 1986 per

439 2003 614 2090 praediotoa
639 2002 800 2088 Majorem
822 2007 858 2069 et
881 2002 1131 2081 Aldennannoa,
1156 2007 1191 2069 et
1220 2024 1279 2090 per
1308 2001 1428 2088 probos
1458 2007 1493 2068 et

440 2106 560 2194 legales
598 2105 747 2171 homines
785 2104 826 2171 da
856 2105 960 2172 officio
994 2106 1142 2193 peletriae
1175 2110 1210 2170 et
1241 2104 1490 2185 ooureariorum,

441 2205 529 2295 quod
561 2208 602 2274 de
634 2213 753 2274 caetero
785 2209 926 2295 operarii
957 2209 998 2274 de
1029 2207 1134 2274 officio
1156 2207 1396 2275 coureariorum
1424 2230 1493 2274 non

440 2311 547 2397 magis
574 2311 706 2398 capiant
718 2337 726 2392 ;
758 2309 921 2388 videlicet,
946 2333 1006 2398 pro
1029 2309 1184 2376 milliario
1206 2310 1247 2376 de
1269 2311 1440 2398 grinovero,
1468 2333 1492 2376 v

441 2413 568 2479 solidor.
615 2413 710 2492 Item,
739 2434 798 2499 pro
829 2413 1013 2500 otranglino
1043 2419 1078 2479 εὴ
1107 2413 1217 2500 polan,
1250 2418 1284 2478 et
1315 2413 1490 2498 cujuslibet

443 2515 580 2581 alterius
609 2515 699 2601 nigri
733 2515 846 2604 operia,
881 2538 905 2581 v
937 2514 1056 2582 solidos
1089 2515 1125 2580 vi
1156 2514 1307 2580 denarios
1319 2540 1327 2596 ;
1367 2518 1402 2580 et
1431 2537 1490 2603 pro

440 2617 574 2704 roskyn,
599 2618 649 2686 iiii
682 2616 804 2684 solidos
835 2617 870 2682 vi
902 2616 1074 2684 denarios:
1119 2623 1154 2683 et
1185 2640 1244 2705 pro
1279 2620 1412 2682 contum
1448 2617 1489 2682 de

439 2719 588 2809 coningio
624 2720 665 2786 de
699 2719 830 2808 Anglia,
855 2719 906 2784 xii
938 2721 1088 2786 denarios
1100 2744 1109 2800 ;
1135 2725 1169 2786 et
1198 2743 1257 2808 pro
1288 2724 1420 2786 centum
1450 2721 1491 2786 de

438 2823 586 2910 ooningis
618 2821 659 2887 da
683 2822 855 2910 Hispania,
890 2823 952 2893 viii
994 2823 1168 2904 denarios;
1202 2828 1236 2890 et
1266 2844 1327 2914 pro
1358 2827 1491 2889 eentum

437 2923 478 2990 de
500 2925 692 3012 eorimpyna
709 2926 758 2991 vii
780 2926 938 2992 denarios.
984 2925 1031 2991 Et
1057 2926 1241 2992 concedunt
1263 2925 1393 3013 praefati
1416 2948 1492 2992 oou·

437 3029 542 3108 rearii,
568 3030 656 3115 quod
679 3029 707 3094 ai
729 3027 770 3094 de
793 3033 912 3095 oaetero
932 3026 1116 3116 eontigerit,
1133 3027 1220 3116 quod
1235 3027 1332 3108 absit,
1348 3029 1490 3114 aliquem

434 3132 489 3197 vel
511 3130 639 3217 aliquos
662 3131 743 3197 dieti
769 3129 867 3196 offioii
893 3131 1136 3197 ooureariorum
1157 3136 1273 3197 contra
1298 3129 1398 3196 istam
1427 3129 1488 3196 Or-

310 3223 315 3230 ’
437 3233 642 3300 dinationem
673 3233 711 3298 in
745 3233 856 3320 aliquo
883 3232 1024 3311 evenire,
1049 3237 1084 3298 et
1114 3255 1213 3320 super
1234 3231 1296 3298 hoo
1318 3234 1385 3299 sint
1414 3255 1490 3298 oon·

435 3337 526 3417 vieti,
565 3336 653 3423 quod
690 3358 749 3423 per
780 3341 847 3402 tres
880 3336 1030 3402 hominen
1061 3335 1102 3400 de
1136 3333 1242 3401 officio
1269 3335 1421 3422 peletriae,
1456 3341 1491 3401 εὴ

435 3461 540 3505 unum
572 3439 737 3506 hominem
770 3440 811 3505 de
843 3438 949 3506 offioio
976 3437 1228 3518 ooureariorum,
1261 3439 1320 3524 qui
1353 3440 1397 3504 ad
1430 3439 1490 3504 hoo

435 3547 534 3608 erunt
556 3541 651 3607 alenti
673 3547 707 3608 et
731 3541 847 3626 jurati,
870 3542 995 3608 faoiont
1021 3540 1282 3606 emendationem
1313 3541 1490 3607 secundum

435 3644 658 3731 quantitatem
681 3644 802 3722 delicti,
818 3649 919 3732 prout
933 3665 993 3731 per
1007 3643 1161 3730 praefatos
1185 3648 1328 3730 quatuor
1342 3644 1491 3710 homines

268 3752 413 3848 §vlggflegp'of
435 3747 647 3834 adjudicetur.
686 3746 732 3811 Et
743 3746 787 3812 ad
797 3747 896 3812 istam
912 3746 1162 3811 Ordinationem
1174 3745 1420 3828 observandam,
1434 3769 1492 3834 per

386 3834 392 3849 ⁸
435 3849 584 3914 homines
598 3850 770 3936 utriusque
794 3847 890 3915 officii
912 3848 1009 3915 electi
1032 3853 1117 3927 sunt,
1134 3847 1303 3930 videlicet,
1318 3848 1490 3937 Philippus

435 3943 657 4030 de'Nortone
682 3951 798 4016 Simon
822 3950 863 4016 de
886 3949 1084 4028 Bruahtone‚
1110 3949 1283 4017 Johannea
1306 3950 1346 4018 de
1369 3951 1490 4018 Corne·

435 4053 553 4134 waille,
578 4053 752 4144 pelliparii,
776 4058 811 4120 et
835 4051 1000 4118 Martinus
1022 4053 1054 4119 le
1076 4052 1253 4121 Oouraour.

838 4267 1086 4277 .-—.--—---—-

597 4409 647 4476 De
672 4407 877 4478 &auduus
898 4407 1024 4478 Pontia
1046 4404 1325 4476 Loadoaioouun.

267 4583 416 4682 ssssgoglmf
479 4579 544 4646 Die
574 4581 679 4660 Jovis,
715 4581 752 4646 in
789 4581 977 4669 septimana
1013 4581 1233 4661 Penueosaes,
1271 4599 1359 4645 anno
1395 4576 1491 4664 regni

268 4649 354 4740 arta
435 4685 535 4772 aega
565 4683 733 4764 unwan,
757 4685 819 4749 fini
852 4685 952 4771 nega
976 4683 1123 4763 nemci,
1152 4682 1272 4761 xxvito,
1303 4681 1490 4748 wnurmus

266 4737 408 4834 mill
435 4788 476 4853 da
515 4785 773 4874 Wethemghey,
813 4786 1018 4875 Capelianus,
1058 4785 1244 4854 willelmus
1282 4784 1419 4866 Jordan,
1456 4787 1491 4848 εὴ
