3648 5816
476 845 538 910 106
821 861 925 914 arana
946 862 1193 916 cusnunnsun.
1323 849 1382 934 [26
1400 867 1483 916 now.
1501 869 1522 917 1.

472 1052 508 1116 iii
532 1051 703 1132 denari0s;
733 1059 767 1118 et
792 1075 850 1138 pro
884 1052 1023 1120 bultello
1053 1055 1193 1120 obolum.
1252 1055 1297 1120 Et
1319 1057 1407 1133 nota,
1433 1056 1522 1141 quod

472 1153 566 1239 panis
588 1155 750 1233 ookettus,
774 1157 817 1222 de
843 1157 958 1222 eodem
972 1157 1073 1222 blado
1096 1163 1132 1223 et
1161 1158 1202 1224 da
1232 1159 1347 1224 eodem
1373 1157 1520 1238 bultello,

472 1255 668 1340 ponderabit
697 1256 770 1343 plus
801 1279 901 1343 quam
932 1259 1099 1326 wastellus
1129 1283 1188 1347 pro
1219 1260 1379 1326 iisolidis
1390 1285 1400 1343 ς
1422 1267 1456 1326 et
1481 1261 1522 1326 de

471 1357 570 1424 bledo
593 1358 731 1426 minoris
759 1360 861 1446 pretii
886 1362 960 1448 plus
982 1383 1042 1449 pro
1068 1385 1092 1429 v
1122 1363 1242 1430 solidis
1298 1363 1396 1442 Item,
1428 1364 1522 1450 panis

471 1462 618 1548 artocopi
633 1463 830 1548 ponderabit
852 1464 962 1530 minus
984 1464 1135 1530 wastello
1157 1487 1217 1552 pro
1242 1465 1267 1530 ii
1293 1466 1413 1532 solidis
1460 1465 1521 1530 Pa

471 1563 524 1628 nis
547 1563 675 1652 integer
697 1565 739 1631 de
761 1566 944 1657 quadrante
967 1567 1166 1653 ponderabit
1188 1569 1360 1634 ookettum
1377 1573 1412 1634 et
1426 1567 1521 1634 dimi-

472 1665 573 1732 dium.
619 1667 718 1733 Panis
741 1669 781 1734 da
803 1670 886 1736 arsit
907 1670 1106 1756 ponderabit
1127 1671 1210 1736 duos
1231 1671 1401 1738 wastellus.

516 1769 616 1836 Panis
639 1771 680 1837 de
708 1770 858 1857 quolibet
881 1795 1002 1860 genere
1026 1773 1118 1840 bladi
1138 1773 1337 1861 ponderabit
1367 1775 1449 1840 duos
1471 1795 1523 1839 eo-

470 1871 593 1940 kattos.

263 2133 264 2136 ’
328 2127 424 2174 wb-
469 2117 645 2188 Dominus
682 2119 755 2188 Rea
791 2121 977 2188 mandavit
1015 2121 1107 2188 meaa
1145 2143 1252 2188 auum
1282 2119 1445 2189 Wiiiebmo
1477 2122 1519 2189 da

300 2467 455 2582 didani.

298 2671 388 2724 joining
469 2678 487 2708 κ

299 2734 454 2864 prqttonbdld'
468 2783 484 2810 u

298 2823 454 2926 boronugoffgtho
467 2885 485 2912 ‘a

299 2921 374 2976 Lynn.

558 2224 712 2310 Boisque,
730 2231 813 2290 tuno
830 2224 1029 2292 Gumoarurio
1038 2224 1316 2307 Londoninsram,
1330 2247 1396 2312 pro
1411 2224 1520 2312 Sipil-

558 2325 686 2394 iaiiona
710 2327 831 2394 Troaoe
855 2327 895 2396 de
909 2326 1034 2396 Lanae.

514 2475 532 2502 “
555 2467 748 2548 Edwardus,
777 2466 841 2532 Dei
863 2465 979 2554 gratia,
1004 2467 1078 2534 Rex
1102 2467 1242 2555 Angliae,
1266 2467 1428 2534 Dominus
1455 2467 1517 2533 Hi-

509 2569 641 2648 berniae,
659 2574 694 2635 et
710 2571 791 2634 Dux
806 2569 1031 2656 Aquitanniae,
1049 2570 1244 2636 Camerariis
1266 2571 1414 2637 civitatis
1431 2572 1516 2636 Lon-

511 2671 694 2751 doniarum,
705 2671 854 2738 salutem.
881 2670 1070 2757 Injunxisse
1086 2673 1296 2740 meminimus
1311 2675 1400 2762 quod
1415 2695 1513 2740 unam

509 2779 647 2854 transm,
664 2795 723 2862 pro
737 2774 823 2840 lanis
837 2773 875 2839 in
889 2775 972 2840 villa
994 2775 1034 2842 de
1050 2774 1163 2842 Lenne
1184 2775 1413 2864 ponderandis,
1430 2776 1512 2856 fieri,

508 2881 544 2943 et
567 2899 639 2945 eam
669 2877 902 2974 circumspecte
932 2879 1116 2944 examinari
1146 2885 1180 2944 et
1209 2879 1353 2946 fideliter
1383 2879 1516 2968 probari

470 2988 486 3015 ¹‘
509 2981 598 3069 apud
628 2979 661 3046 la
692 2979 810 3046 Gihaie
826 2979 1081 3061 Londoniarum,
1113 2986 1149 3047 et
1170 2983 1214 3048 ad
1246 2988 1398 3050 nostrum
1422 2981 1516 3050 Soso-

468 3091 486 3118 “
508 3084 632 3150 carium
665 3082 756 3172 apud
786 3081 1119 3150 Westmonasterium
1149 3085 1222 3150 fieri
1256 3085 1414 3152 faceretis.
1471 3085 1517 3151 Et

466 3191 484 3221 “
508 3185 586 3272 quia
611 3185 765 3252 nolumus
789 3186 878 3272 qnod
901 3186 964 3252 hoo
990 3185 1117 3253 diutius
1144 3187 1335 3254 retardetur
1349 3187 1432 3275 quin
1446 3187 1516 3268 fiat,

467 3296 486 3324 “
508 3288 604 3354 vobis
626 3288 827 3368 mandamus,
851 3289 992 3355 firmiter
1014 3288 1237 3378 injungentes,
1260 3290 1349 3378 quod
1372 3313 1432 3357 vos
1454 3290 1517 3378 ipsi

467 3401 484 3425 “
510 3389 585 3456 sitis
623 3391 666 3456 ad
690 3391 779 3456 idem
805 3391 1011 3458 Soaooarium
1035 3397 1187 3457 nostrum
1212 3392 1273 3458 hae
1298 3392 1439 3460 instanti
1462 3392 1516 3458 die

466 3503 483 3526 “
509 3493 650 3559 Sabbati
680 3495 832 3582 proxima
860 3499 940 3562 ante
967 3494 1169 3581 quindenam
1201 3494 1344 3578 Paschae,
1374 3497 1515 3564 ferentes

466 3596 632 3662 “ibidem
647 3596 974 3664 vobiscumtronam
1000 3597 1203 3686 praediotam,
1221 3599 1447 3664 examinatam
1480 3605 1516 3665 et

467 3707 484 3734 ‘⁴
508 3698 683 3786 probatam
723 3701 761 3765 in
807 3699 915 3765 forma
955 3699 1124 3788 praedicta,
1156 3698 1277 3788 faetnri
1316 3702 1396 3768 inde
1427 3701 1514 3789 qnod

466 3815 483 3838 ‘⁶
508 3802 654 3869 Berones
687 3803 792 3868 nostri
824 3804 920 3869 vobis
961 3802 1139 3891 injungent
1176 3825 1219 3868 ex
1261 3809 1357 3890 parte
1394 3809 1513 3871 nostra

464 3913 483 3940 “
507 3905 612 3985 Teste,
633 3904 666 3970 J.
688 3905 729 3970 de
745 3904 921 3984 Oobeham,
939 3907 1029 3996 apud
1047 3905 1392 3988 westmonasterium,
1414 3907 1513 3974 xvii-1⁰

465 4018 482 4042 (ί

505 4009 559 4074 die
582 4007 718 4096 Aprilis,
741 4029 828 4073 anno
850 4009 944 4094 regni
967 4006 1075 4074 nostri
1100 4004 1212 4074 xxvi.”

508 4110 574 4176 Pro
589 4132 655 4198 quo
678 4109 811 4196 quidem
827 4109 987 4176 mandato
1009 4111 1098 4176 idem
1114 4110 1300 4178 willelmus
1314 4111 1399 4177 nihil
1413 4133 1512 4179 ausus

463 4215 568 4281 faeere
590 4212 656 4278 fuit
677 4217 757 4279 ante
779 4211 960 4278 adventum
983 4212 1063 4279 dieti
1086 4213 1232 4295 Henrioi,
1257 4213 1400 4301 Maioris

462 4459 575 4530 Anas
596 4459 700 4529 Brona
725 4454 857 4548 Maiori
886 4463 917 4526 at
940 4457 1140 4527 Oaawrario
1161 4453 1315 4528 civitatis
1336 4459 1511 4547 proedinae

806 4583 874 4651 pro
897 4559 1015 4631 eadem
1038 4562 1160 4630 Troas.

505 4691 569 4756 Dia
586 4689 703 4756 Martis
724 4689 886 4777 proxima,
903 4689 997 4755 venit
1017 4688 1106 4754 idem
1126 4688 1234 4775 Major
1258 4687 1456 4767 Loudonias,
1475 4692 1510 4755 et

461 4793 623 4860 Dominus
639 4793 712 4860 Rex
727 4791 901 4859 mandavit
917 4813 1054 4878 sequens
1068 4790 1178 4871 breve,
1196 4792 1232 4857 in
1255 4793 1326 4860 baea
1340 4791 1443 4858 verba
1454 4816 1508 4857 τὲ
