3648 5816
315 885 358 950 30
374 899 458 952 now.
472 882 510 969 1.]
535 897 699 950 srnwsnn
720 899 765 950 or
787 899 857 952 rna
879 887 995 952 rruo’s
1017 902 1236 956 nousnnoro.
1298 891 1359 958 111

313 1199 457 1269 Dictum
478 1199 582 1287 nequ
607 1199 777 1268 Edwardi
799 1201 841 1268 dc
866 1200 1014 1269 Pbrcc'tis
1039 1221 1153 1269 corum
1174 1203 1363 1271 Soacscatto

363 1310 394 1372 ct
419 1303 629 1384 Maroaeulb,
648 1325 744 1372 ormo
766 1304 1026 1372 asu-norun
1048 1305 1085 1374 θ.
1108 1305 1150 1374 de
1172 1305 1346 1396 nauus.

359 1521 415 1588 Ad
437 1521 633 1608 petitionem
667 1521 791 1587 civium
826 1521 1080 1602 Londoniarum‚
1105 1523 1290 1610 petentium
1313 1545 1504 1610 repressum

315 1626 459 1691 medium
482 1645 640 1713 supereo
663 1626 752 1711 quod
775 1624 981 1691 Senescallus
1015 1631 1049 1691 et
1082 1625 1266 1692 Marescaili
1289 1599 1530 1745 hos-tifflzqu

314 1729 389 1815 pitii
402 1729 503 1815 Regis
518 1751 572 1794 eos
588 1750 695 1794 coram
711 1749 754 1808 se,
771 1733 869 1793 extra
883 1729 1053 1794 civitatem
1071 1729 1271 1817 praedictam,
1287 1753 1363 1796 con·
1374 1701 1530 1794 mittin*

313 1837 366 1896 tra
388 1832 527 1896 formam
549 1831 715 1898 libertatis
748 1837 784 1897 et
805 1836 953 1898 tenorem
977 1830 1175 1897 Obartamm
1198 1834 1245 1899 eis
1266 1801 1530 1954 supertttffit}

312 1933 373 2000 hoo
401 1957 459 2021 per
490 1934 615 2022 Regem
638 1939 673 2000 ct
694 1934 921 2022 progenitores
943 1955 1018 1998 suos
1041 1935 1271 2017 confectarum,
1295 1941 1529 2002 tra-thestowaru

314 2037 400 2101 bunt
421 2037 458 2102 in
480 2037 647 2125 placitum,
668 2023 722 2103 ita
755 2058 948 2123 responsum
971 2039 1159 2122 est—quod
1182 2035 1256 2103 Rex
1277 2040 1362 2117 vult,
1376 2003 1517 2150 {1233}qu

314 2141 402 2226 quod
425 2141 453 2205 si
476 2142 691 2228 transgressio
713 2139 800 2206 facta
815 2138 917 2206 fuerit
931 2139 1032 2205 alicui
1047 2140 1089 2205 de
1103 2141 1248 2228 hospitio
1263 2141 1363 2230 Regis

312 2243 398 2308 infra
418 2243 605 2310 libertatem
628 2243 774 2310 civitatis
798 2242 1052 2323 Londoniarum,
1068 2248 1103 2310 et
1125 2242 1213 2308 infra
1234 2245 1362 2330 virgam

316 2344 422 2434 Regis,
445 2347 605 2434 placitum
634 2347 675 2412 de
703 2339 892 2432 hujusmodi
915 2344 1229 2433 transgressionibus
1251 2353 1369 2424 tenea,

312 2451 499 2514 turcorum
522 2449 707 2516 Senescatlo
730 2453 765 2516 et
789 2449 979 2515 Maresccilo
1003 2450 1043 2514 de
1058 2449 1203 2536 hospitio
1226 2449 1369 2529 Domini,

314 2552 420 2638 Regis,
445 2559 504 2619 etc.
516 2580 525 2635 ;
548 2558 582 2618 et
608 2553 637 2619 si
661 2551 837 2639 Inquisitio
860 2551 937 2618 inde
967 2548 1039 2617 fieri
1062 2551 1190 2630 debeat,
1215 2554 1363 2639 capiatur

314 2657 491 2745 inquisitio
502 2657 561 2722 illa
571 2656 659 2721 infra
673 2655 845 2722 civitatem
860 2646 1154 2742 praedictam-Et
1169 2654 1363 2723 irrotulatur

312 2762 348 2826 in
371 2760 501 2826 Rotulis
536 2759 751 2824 Parliamenti
777 2759 914 2824 Domini
948 2758 1058 2846 Regis,
1081 2757 1170 2824 tenti
1201 2757 1237 2822 in
1268 2759 1363 2845 quin-

313 2865 398 2930 dena
420 2863 535 2929 Sancti
556 2861 720 2928 Johannis
742 2860 913 2949 Baptista),
940 2883 1027 2926 anno
1050 2861 1142 2948 regni
1172 2857 1273 2949 Regis
1296 2861 1363 2927 Ed-

314 2967 418 3034 wardi
440 2968 537 3046 xxx0,
561 2987 620 3053 per
641 2985 759 3030 manus
780 2964 946 3029 Johannis
969 2965 1010 3030 de
1033 2963 1196 3050 Kirkeby.

358 3070 618 3151 Memorandum,
642 3067 731 3155 quod
753 3067 797 3132 ad
819 3063 1079 3132 Parliamentum
1102 3065 1239 3134 Domini
1264 3067 1363 3156 Regis
1376 3080 1524 3126 Ratiflmion

313 3173 478 3252 Edwardi,
494 3176 626 3238 tentum
648 3172 737 3258 apud
753 3169 1080 3237 westmonasterium
1095 3191 1181 3234 anno
1195 3171 1290 3258 regni
1312 3173 1363 3236 sui
1376 3131 1521 3234 {3332qu

313 3278 486 3359 tricesimo,
518 3297 577 3362 per
600 3275 709 3362 ipsum
740 3272 921 3339 Dominum
944 3272 1068 3359 Regem
1090 3294 1276 3338 concessum
1298 3233 1522 3348 summamus.

315 3387 349 3448 et
371 3385 582 3470 praeceptum,
614 3378 702 3465 quod
726 3377 785 3442 illu
807 3375 970 3442 concessio
992 3396 1053 3440 sua
1083 3375 1222 3441 firmiter
1252 3377 1369 3450 obser,

313 3488 449 3551 varetur
461 3507 470 3564 3
494 3481 657 3562 videlicet,
673 3479 762 3568 quod
784 3500 857 3543 cum
881 3475 1085 3544 senescallus
1108 3475 1210 3563 ipsius
1227 3478 1362 3544 Domini

314 3588 423 3676 Regis,
447 3590 482 3653 et
504 3583 698 3661 Marescalti‚
715 3586 787 3663 eta,
802 3581 874 3667 ipso
891 3571 1034 3644 Domino
1051 3579 1140 3667 Rege
1163 3579 1253 3668 apud
1276 3580 1366 3656 Lon<

314 3693 436 3769 donios,
451 3711 510 3756 seu
525 3687 614 3776 apud
629 3681 971 3764 westmonasterium,
988 3687 1048 3748 aut
1062 3681 1142 3747 alibi
1157 3705 1258 3771 prope
1281 3683 1368 3755 civi-¹

201 3847 207 3857 .
314 3800 418 3862 tatem
439 3793 639 3881 praedictam,
663 3789 836 3866 existente,
864 3785 1105 3872 Inquisitiones
1138 3785 1257 3872 aliquae
1290 3787 1369 3860 fieri,

314 3898 454 3964 debeant
474 3917 571 3981 super
585 3889 898 3978 transgressionibus
913 3893 972 3953 aut
995 3887 1068 3952 aliis
1091 3885 1177 3952 infra
1191 3887 1360 3954 civitatem

313 4001 504 4090 praedictam
519 3997 623 4077 factis,
641 3996 729 4060 inter
744 3993 871 4078 aliquos
894 3990 935 4058 de
958 3992 1095 4057 civitate
1115 3991 1274 4078 praedicta
1288 3997 1362 4057 tan-

313 4111 395 4186 tum,
419 4107 478 4168 aut
499 4099 588 4167 inter
602 4100 689 4187 ipsos
712 4101 746 4163 et
768 4097 849 4162 alios
872 4095 1046 4162 forinsecos
1069 4093 1278 4180 conjunctim,
1302 4101 1361 4160 aut

313 4210 400 4274 inter
433 4205 576 4290 aliquem
610 4202 652 4268 de
675 4200 818 4287 hospitio
850 4198 986 4264 Domini
1010 4198 1110 4285 Regis
1136 4200 1172 4262 et
1193 4197 1294 4262 alium
1320 4199 1361 4262 dc

312 4313 450 4379 civitate
472 4307 641 4396 praedicta,
657 4325 716 4370 seu
730 4303 833 4368 alium
856 4300 1052 4367 forinsecum
1068 4322 1303 4386 quemcunque,
1326 4305 1363 4367 et

313 4415 353 4481 de
384 4413 505 4499 quibus
535 4406 849 4496 transgressionibus
871 4405 926 4470 vel
957 4403 1032 4469 aliis
1064 4403 1107 4468 ad
1138 4403 1279 4482 eosdem,
1302 4426 1361 4470 ceu

314 4514 529 4592 Marescallos,
572 4511 701 4577 ratione
732 4510 844 4596 virgae,
881 4505 1026 4593 cognitio
1057 4507 1238 4593 pertineat;
1272 4507 1361 4593 quod

314 4641 425 4686 omnes
456 4617 524 4684 iflae
555 4612 795 4701 Inquisitiones
833 4609 920 4674 infra
961 4609 1133 4674 civitatem
1170 4609 1362 4696 praedictam

313 4724 494 4810 capiantur,
533 4723 568 4784 ct
604 4739 671 4782 non
710 4714 813 4794 alibi3
851 4733 1040 4799 quanquam
1077 4715 1188 4798 partes
1219 4710 1363 4797 Inquisi-

312 4829 441 4894 tionum
462 4823 597 4888 illarum
620 4824 716 4887 extra
737 4817 909 4884 civitatem
934 4815 1026 4880 illam
1046 4836 1155 4880 coram
1180 4813 1362 4881 Senesocilo

312 4935 346 4996 et
361 4926 551 4994 Marescallo
568 4921 808 5012 placitaverint,
825 4924 909 4988 etse
925 4919 960 4984 in
976 4918 1229 5005 Inquisiticnem
1244 4917 1363 5004 patriae
