3648 5816
641 895 751 946 mm
773 893 817 944 OF
840 891 1023 946 CONTENTS.
1310 872 1351 935 55

690 1163 816 1234 Aeeiee
841 1161 963 1232 Pamin.

348 1337 458 1405 XXV.
483 1337 562 1420 iDe
589 1334 776 1406 Mutatione
796 1331 919 1398 Aeeieae
946 1331 1016 1398 eive
1037 1329 1204 1396 Ponderie.

350 1437 476 1507 XXVI.
499 1440 579 1522 †De
593 1436 698 1504 Peene
716 1435 863 1516 Pistoris,
891 1457 965 1502 cum
997 1433 1097 1500 Panis
1121 1454 1200 1498 suus
1224 1429 1356 1497 deficiat

305 1547 342 1610 in
367 1541 518 1630 pondere.

350 1643 497 1712 XXVII.
521 1642 599 1731 †De
624 1639 769 1709 Pillorie.

349 1745 515 1832 XXVIII.
539 1744 618 1826 †De
643 1743 783 1811 Volneto
808 1742 965 1831 capiendo
991 1741 1033 1808 ad
1058 1739 1294 1808 Molendinum.

351 1847 478 1914 XXIX
501 1848 581 1933 †De
605 1845 720 1918 Assisa
740 1845 827 1912 Vini.

351 1949 457 2016 XXX.
481 1949 560 2031 †De
590 1949 704 2015 Aeeisa
726 1947 891 2015 Cervieiae.

352 2051 481 2118 XXXI.
506 2051 584 2133 †De
606 2050 831 2118 carnificibus.

353 2153 504 2220 XXXII.
529 2154 607 2237 †De
632 2153 736 2220 Oocie.

355 2255 523 2324 XXXIII.
547 2255 625 2346 †De
648 2253 837 2321 Sianderdo
853 2251 1002 2332 Bueeelli,
1025 2252 1170 2334 Gelonis,
1198 2257 1233 2318 ei
1249 2251 1359 2331 Ulnae,

312 2359 427 2448 sigfflo
451 2358 588 2424 Domini
616 2357 717 2445 Regis
744 2355 916 2444 signando.

357 2462 517 2528 XXXIV.
542 2462 621 2541 †De
644 2461 786 2526 Cumulo
808 2459 915 2538 madi,
946 2463 981 2524 et
1004 2458 1046 2523 de
1068 2457 1299 2537 Forstalleriie.

356 2563 496 2629 XXXV.
519 2563 573 2629 De
598 2563 772 2630 Divisione
799 2561 940 2629 Denarii
966 2559 1136 2647 Argeniei.

359 2665 520 2732 XXXVI.
546 2666 624 2749 †De
640 2665 879 2732 Observatione
898 2663 1131 2751 praedietorum
1144 2660 1363 2729 Staiuborum.

360 2768 539 2835 XXXVII.
564 2767 642 2846 †De
673 2769 789 2856 Regali
820 2768 861 2834 de
877 2766 1093 2834 Mereeeeleia.

360 2871 560 2938 XXXVIII.
584 2872 636 2939 De
667 2871 773 2938 Lucro
803 2869 947 2938 Pistoris.

654 3089 819 3180 Comitem
842 3089 884 3158 dr
909 3089 1031 3159 Prona.

363 3245 523 3312 XXXIX
546 3245 599 3312 De
614 3243 716 3312 Brevi
741 3244 841 3311 misso
864 3241 1052 3312 Oamerario
1078 3264 1139 3331 pro
1161 3241 1368 3330 Sigiileiione

317 3349 435 3416 'I'ronae
461 3349 503 3414 de
530 3348 650 3414 Lenne.
979 3399 1003 3412 ..

364 3451 432 3516 XL.
464 3451 515 3518 De
538 3451 603 3517 elio
625 3449 727 3516 Brevi
748 3449 867 3536 Majori
890 3453 925 3515 et
956 3447 1144 3516 Oemererio
1166 3467 1226 3534 pro
1255 3447 1370 3513 eedem

318 3554 433 3620 Trono.
1231 3555 1235 3562 ’

364 3655 456 3722 XLI.
496 3653 548 3720 De
575 3653 788 3720 Libereiione
826 3653 924 3720 diotae
950 3651 1068 3718 Tronae
1104 3650 1292 3718 hominibus
1329 3651 1370 3717 de

321 3760 441 3826 Lenne.

368 3859 481 3925 XLII.
506 3859 558 3924 De
589 3857 791 3924 Probatione
815 3857 914 3924 diotre
941 3856 1068 3923 Tronae.

366 3961 495 4027 XLIII.
521 3962 572 4026 De
597 3959 1042 4048 Coneigneffione'l'ronoede
1057 3957 1180 4026 Sancto
1196 3957 1370 4046 Botulpho.

367 4063 490 4130 XLIV.
518 4063 570 4130 De
598 4063 810 4150 sigillatione
830 4063 949 4130 Tronae
970 4061 1223 4130 Londonierum.

369 4166 472 4232 XLV.
496 4166 547 4231 De
563 4165 652 4231 Billa
668 4164 844 4232 Seneeeeili
867 4171 902 4232 et
918 4165 1102 4232 Mereeeelli
1117 4163 1373 4232 vicecomitibus

324 4267 568 4336 Londoniervrm
592 4267 724 4334 directe.

367 4369 491 4438 XLVI.
514 4370 622 4437 Breve
636 4391 695 4458 pro
716 4368 918 4442 Hominibus
933 4367 1179 4436 Londonierum
1201 4369 1374 4458 appellatis

324 4471 412 4559 apud
433 4470 659 4558 Wyntoniem.

371 4574 512 4640 XLVII.
544 4575 597 4641 De
627 4575 728 4642 Dieie
753 4573 854 4662 Regis
882 4575 938 4642 de‘
955 4571 1089 4640 Placieii
1119 4593 1228 4642 eoram
1259 4573 1375 4644 Senes·

323 4677 406 4744 cello
435 4682 470 4743 et
500 4677 700 4746 MereseeIIO.

372 4778 533 4846 XLVIII.
558 4781 609 4848 De
625 4780 726 4848 Brevi
740 4779 881 4848 liberato
895 4778 1062 4849 Willelmo
1078 4779 1119 4847 de
1130 4779 1288 4864 Esthalle,
1311 4786 1372 4848 ete
