3600 5822
460 801 526 868 300
793 817 895 868 arnna
917 817 1160 870 cusrunlsrrn.
1303 804 1362 892 [14
1378 821 1463 872 now.
1479 821 1515 870 11.

460 1010 480 1038 ‘¹
500 1025 565 1088 que
587 1003 699 1090 aliquo
716 1004 907 1092 juramento
938 1025 997 1070 seu
1025 1008 1231 1071 sacramento
1252 1003 1332 1071 inde
1354 1005 1512 1085 faciendo,

459 1111 480 1144 “
502 1109 537 1172 et
559 1106 648 1193 quod
671 1107 772 1174 debet
794 1128 907 1172 eorum
932 1107 1021 1173 oredi
1037 1111 1073 1172 et
1095 1105 1177 1173 stari
1200 1105 1300 1174 dietis
1321 1112 1456 1173 tantum
1478 1107 1515 1174 in

459 1213 479 1243 “
500 1207 566 1274 fide
588 1230 654 1296 qua
684 1207 828 1274 Domino
859 1209 954 1297 Regi»
972 1209 1271 1296 tenentur-quod
1293 1209 1426 1296 quidem
1449 1210 1514 1276 ola·

459 1309 604 1375 “mium
627 1315 678 1376 est
695 1310 766 1396 juri
788 1317 824 1377 et
843 1311 968 1388 rationi
991 1311 1193 1377 eontrarium
1201 1333 1210 1391 3
1232 1311 1417 1398 praesertim
1439 1333 1513 1379 cnm

459 1419 478 1448 “
501 1413 664 1479 Dominus
680 1413 754 1478 Rex
775 1414 813 1478 in
828 1411 1050 1480 Coronatione
1073 1435 1134 1479 sua
1151 1412 1285 1500 juratus
1308 1413 1356 1478 sit
1378 1413 1421 1478 ad
1436 1435 1512 1480 eon-

458 1516 719 1582 “servationem
744 1517 834 1602 pacis
858 1520 893 1582 et
914 1515 1081 1602 justitiam
1107 1515 1145 1580 in
1170 1536 1271 1603 regno
1294 1537 1354 1582 suo
1376 1515 1514 1604 singulis

458 1623 477 1654 “
499 1617 705 1698 faciendum
728 1623 764 1684 et
785 1640 828 1684 ex
851 1616 911 1684 hoe
933 1621 1124 1703 sequeretur
1145 1615 1235 1704 quod
1257 1617 1339 1683 dieti
1355 1617 1463 1704 Major
1477 1621 1513 1685 et

458 1725 475 1754 “
499 1719 723 1800 Aldermanni,
756 1720 865 1806 quoad
896 1723 1142 1786 sacramentum
1172 1717 1370 1799 feriendum,
1401 1725 1512 1786 essent

457 1828 477 1858 “
498 1824 570 1910 ipso
593 1821 739 1888 Domino
762 1821 854 1910 Rege
876 1822 1054 1888 liberiores.
1101 1821 1190 1886 Item
1221 1821 1383 1887 dixenmt
1404 1821 1512 1887 Justi-

457 1931 476 1959 “
498 1923 598 2004 eiarii,
634 1924 723 2012 quod
752 1923 845 1990 nulla
876 1923 1055 2010 Inquisitio
1086 1923 1189 1989 habet
1218 1923 1301 2002 fieri,
1329 1922 1510 1989 seeundum

456 2032 476 2062 “
497 2027 603 2116 legem
618 2033 653 2093 et
668 2025 940 2093 consuetudinem
962 2026 1067 2113 regni,
1083 2025 1149 2092 nisi
1172 2045 1230 2112 per
1252 2024 1400 2092 homines
1418 2025 1510 2111 jura-

455 2135 474 2165 “
496 2134 557 2208 tos,
578 2129 709 2208 scilieet,
733 2149 793 2195 nee
817 2149 914 2214 super
945 2127 1193 2193 indietamentis
1223 2147 1283 2193 seu
1304 2129 1513 2215 praesentati·

455 2237 475 2268 “
497 2231 618 2298 onibus
631 2230 787 2297 faciendis
807 2252 905 2317 super
927 2229 1092 2316 aliquibus
1108 2229 1268 2295 Articulis
1290 2229 1334 2296 ad
1356 2252 1510 2297 eoronam

454 2338 473 2370 “
497 2335 633 2400 Domini
649 2334 749 2421 Regis
771 2331 1007 2420 spectantibus,
1034 2353 1095 2398 nea
1120 2331 1222 2397 etiam
1247 2332 1292 2398 ad
1316 2332 1508 2419 acquietar-

455 2437 577 2502 “dum
607 2437 678 2502 sive
707 2432 993 2500 eondemnandum
1016 2433 1162 2520 aliquem
1191 2433 1399 2500 indietatum.
1463 2435 1509 2502 Et

456 2547 473 2573 “
496 2537 592 2624 quod,
617 2559 660 2603 ex
690 2537 796 2602 causis
825 2536 993 2623 praedictis
1026 2539 1062 2601 et
1095 2535 1170 2600 aliis
1199 2535 1393 2615 rationibus,
1424 2559 1506 2624 prae·

454 2639 596 2703 “missa
625 2642 747 2718 eontra,
771 2637 962 2724 hujusmodi
984 2637 1140 2702 elamium
1175 2637 1341 2705 dietomm
1372 2638 1508 2725 Majoris

453 2748 472 2776 “
495 2745 530 2806 et
552 2741 868 2820 Aldermannornm„
883 2761 943 2826 pro
966 2761 1001 2806 se
1023 2744 1058 2805 et
1088 2740 1327 2807 eommunitate
1349 2741 1508 2828 praedicta

453 2850 472 2878 “
494 2842 740 2920 calumniatum,
776 2845 828 2907 est
858 2841 933 2928 legi,
968 2846 1003 2908 et
1037 2841 1277 2920 consuetudini,
1316 2847 1351 2909 et
1384 2845 1507 2910 rationi

451 2952 471 2982 “
493 2945 703 3024 eontrarium,
719 2947 754 3010 et
777 2943 949 3009 manifeste
972 2943 1138 3010 redundat
1159 2944 1197 3009 in
1219 2947 1505 3013 manutenentiam

452 3053 527 3114 “et
556 3045 862 3134 augmentationem
899 3045 1106 3125 solonianum,
1145 3046 1440 3134 depraedationum,
1470 3053 1506 3116 et

449 3149 736 3216 “latrociniorum
768 3152 804 3214 et
834 3147 975 3214 aliorum
1005 3148 1168 3214 malorum
1198 3150 1504 3236 perpetrandorum,

450 3262 468 3320 f‘
492 3259 527 3318 et
548 3252 718 3320 laesionem
732 3271 861 3318 coronae
883 3249 1020 3316 Domini
1042 3249 1163 3340 Regis;
1187 3250 1275 3317 unde
1291 3251 1418 3318 dietum
1440 3254 1505 3320 elo-

448 3361 469 3391 “
491 3355 604 3436 mium,
635 3353 803 3420 oooasione
831 3352 1026 3418 libertatum
1057 3374 1116 3420 seu
1145 3353 1403 3434 consuetudinis,
1435 3377 1503 3422 non

450 3461 600 3545 “potest
623 3457 695 3544 ipso
713 3455 791 3542 jure
817 3453 962 3535 tolerari,
987 3455 1128 3533 ooneedi,
1153 3476 1214 3521 nee
1236 3456 1412 3542 prmseribi.

323 3613 329 3626 .
377 3597 411 3630 ‚a
495 3557 570 3624 “Et
584 3557 765 3624 Nieholaus
781 3556 822 3622 de
839 3554 1023 3630 Farndone.
1041 3555 1150 3644 Major
1164 3557 1311 3624 civitatis
1325 3559 1503 3646 praedietoe,

449 3669 468 3696 u
490 3665 525 3728 a
547 3659 772 3737 aldermanni,
799 3657 916 3724 labia
945 3657 1182 3724 noanneane
1211 3657 1386 3725 nnana
1415 3661 1505 3728 nar

332 3746 361 3827 ὀ
396 3747 420 3780 ¹¹¹
448 3772 466 3800 “
488 3765 576 3852 ipsos
592 3761 751 3848 Majorem
773 3764 808 3826 et
823 3759 1066 3826 Aldermannos
1087 3781 1186 3846 super
1207 3760 1273 3826 isto
1293 3762 1410 3828 elamio
1433 3785 1502 3842 suo,

335 3845 362 3879 ⁰¹
448 3874 467 3903 “
488 3863 698 3953 postmodum
725 3866 890 3930 venerrmt
911 3883 1020 3929 eoram
1051 3861 1252 3928 Justiciariis
1271 3863 1326 3930 hie
1346 3865 1383 3929 in
1405 3865 1505 3952 plena

447 3977 466 4006 “
489 3968 598 4046 (iuria,
611 3971 646 4032 et
660 3965 819 4032 dixerunt
833 3985 867 4030 se
882 3965 970 4030 nolle
987 3964 1129 4031 ulterius
1143 3966 1297 4052 prosequi
1313 3963 1503 4052 hujusmodi

448 4079 467 4107 “
488 4069 644 4136 elamium
670 4089 777 4148 suum,
802 4067 910 4154 quoad
932 4065 1102 4136 Articulos
1125 4067 1166 4133 de
1189 4067 1317 4133 Itinere
1341 4066 1365 4133 J
1368 4069 1503 4134 usticia-

448 4182 465 4211 ‘¹
487 4175 613 4239 riorum
627 4171 675 4238 eis
697 4191 758 4258 pro
777 4175 850 4236 tota
870 4169 1109 4236 communitate
1131 4169 1292 4256 praedicta
1306 4169 1503 4238 liberandos

447 4277 535 4342 “Et
568 4273 677 4362 quoad
713 4270 979 4360 respondendum
1020 4271 1143 4338 eisdem
1177 4271 1356 4340 Articulis·
1376 4274 1501 4361 absque

446 4389 465 4416 “
487 4382 691 4446 sacramento
713 4374 870 4452 sariendo,
892 4377 992 4460 prout
1015 4373 1108 4461 prius
1138 4374 1372 4454 clamaverunt,
1400 4375 1502 4442 iidem

446 4481 595 4568 “Major
623 4485 660 4546 et
688 4477 907 4545 Aldermanni
941 4477 1047 4564 gratis
1077 4476 1294 4563 reliquerunt
1356 4476 1402 4544 Et
1424 4478 1501 4545 ideo

446 4593 464 4620 “
486 4583 670 4651 Justieiarii
691 4583 920 4668 processerunt
941 4579 985 4645 ad
1013 4579 1247 4666 inquirendum
1277 4600 1376 4666 super
1405 4579 1502 4645 Arti-

445 4692 465 4723 “
487 4683 569 4751 enlis
591 4685 632 4751 de
657 4682 782 4749 Itinere
796 4681 820 4747 J
821 4679 1074 4760 mtieiariorum,
1090 4702 1150 4768 per
1171 4680 1195 4748 J
1196 4685 1346 4748 uratores
1369 4682 1411 4748 de
1431 4681 1500 4748 sin·
