3636 5820
474 893 518 958 28
809 911 913 962 mana
934 911 1180 964 cnsuuuunun
1315 895 1360 986 [4.
1376 914 1469 965 mm.
1487 913 1524 966 11.

475 1102 494 1132 “
517 1101 629 1163 autem
652 1100 723 1166 haec
738 1099 873 1181 Charta,
889 1107 924 1168 et
946 1103 1149 1181 confirmata,
1172 1124 1261 1169 anno
1277 1101 1521 1170 Incarnationis

472 1207 491 1234 “
515 1199 698 1270 Dominiooe
728 1203 854 1284 ¹m⁰xi.,
901 1205 1087 1272 Indictione
1109 1206 1203 1283 xiiii,
1234 1205 1400 1273 Willelmo
1432 1207 1522 1295 Rege

473 1307 493 1338 “
515 1305 738 1370 monarchiam
760 1307 865 1373 totius
888 1307 1019 1395 Anglise
1046 1313 1179 1374 strenue
1199 1309 1414 1394 gubernante,
1433 1331 1521 1374 anno

473 1410 492 1440 “
514 1413 633 1492 quarto
657 1409 752 1494 regni
775 1409 853 1496 ejus,
877 1412 966 1497 apud
1001 1410 1202 1497 Hastinges3
1234 1410 1298 1476 hiis
1328 1411 1521 1498 subscriptis

472 1510 662 1576 “testibus
709 1510 761 1578 De
798 1511 857 1577 illa
895 1513 1072 1580 medietate
1111 1512 1289 1579 oblationis
1331 1513 1521 1600 principalis

471 1618 490 1646 ‘⁴
513 1613 629 1678 ultaiis
644 1634 743 1699 quam
764 1615 889 1680 retinet
912 1615 1092 1702 Episcopus
1110 1616 1148 1679 in
1170 1636 1274 1681 manu
1300 1637 1368 1696 sua,
1392 1616 1520 1681 dabun-

471 1720 490 1750 “
514 1720 571 1780 tur
585 1715 645 1781 uni
662 1715 902 1784 Canonicorum
911 1739 971 1806 per
985 1739 1109 1784 annum
1125 1722 1268 1804 quatuor
1282 1717 1384 1797 librae,
1401 1739 1520 1806 quone

470 1822 489 1850 “
512 1838 575 1903 que
605 1818 783 1905 praebenda
813 1841 873 1886 sua
908 1821 1106 1907 perficiatur.
1160 1819 1319 1906 Quisquis
1347 1841 1427 1887 vero
1450 1819 1521 1888 haec

469 1926 488 1956 “
510 1917 659 2007 'parcere
679 1922 833 2004 noluerit,
863 1929 1021 2010 perpetuo
1045 1922 1350 1989 anathematizetur.
1385 1933 1424 2010 4
1447 1922 1521 2010 Sig-

470 2029 489 2056 “
510 2045 592 2088 num
615 2024 782 2106 Willelmi,
810 2025 910 2113 Regis
930 2026 1123 2113 Anglorum.
1157 2033 1196 2110 4
1220 2025 1361 2112 Signum
1376 2025 1519 2104 Thomae,

470 2133 488 2160 “
511 2125 761 2214 Auuhiepiscopi
785 2139 824 2216 4
842 2126 982 2215 Signum
997 2128 1187 2207 walkelini,
1204 2128 1367 2216 Episcopi.
1390 2138 1429 2215 4
1445 2129 1519 2216 Sig-

469 2236 486 2262 “
509 2251 590 2294 num
614 2230 773 2308 Mauritii,
811 2230 975 2318 Episcopi.
1008 2236 1047 2313 4
1069 2230 1210 2319 Signum
1235 2230 1357 2310 Hoelli,
1386 2231 1518 2317 Episco-

467 2331 545 2418 “pi
578 2331 841 2398 Cenomanensis.
889 2330 928 2407 4
956 2334 1098 2420 Signum
1133 2332 1318 2415 Herebeiti,
1357 2333 1519 2421 Episcopi.

468 2438 548 2515 “4
571 2433 713 2521 Signum
744 2435 897 2522 Remigii,
928 2435 1090 2523 Episcopi
1121 2433 1160 2510 4
1184 2435 1325 2522 Signum
1348 2436 1517 2520 Gundulfi,

468 2536 670 2624 “Episcopi
716 2548 755 2625 4
778 2539 919 2626 Signum
942 2538 1091 2621 Roberti,
1109 2537 1268 2627 Episcopi.
1314 2538 1353 2615 4
1377 2539 1517 2627 Signum

467 2645 484 2674 “
508 2639 657 2721 Robsrti,
680 2640 884 2707 Cancellarii.
931 2650 970 2727 4
996 2640 1134 2729 Signum
1158 2641 1336 2728 Radulphi
1353 2641 1516 2730 Episcopi.

466 2749 484 2776 ‘⁶
507 2749 546 2826 4
563 2742 703 2829 Signum
725 2743 852 2824 Ivonis,
867 2743 1025 2830 Dapiferi.
1043 2741 1113 2832 [4]
1130 2743 1271 2832 Signum
1292 2741 1460 2832 Annulphi
1476 2744 1517 2810 de

466 2853 485 2880 ‘¹
507 2844 688 2933 Hesdinge.
727 2845 766 2922 4
789 2846 932 2934 Signum
958 2845 1113 2934 Hugonis
1138 2845 1180 2911 de
1201 2844 1335 2913 ³Portu.
1373 2856 1410 2932 4
1445 2845 1518 2934 Sig-

466 2956 484 2982 “
505 2970 588 3014 num
620 2947 806 3036 ⁴Oauulphi
840 2948 965 3014 Pevrel.
1012 2947 1051 3024 4
1077 2946 1217 3036 Signum
1250 2947 1420 3035 Radulphi
1458 2948 1519 3015 Pa·

465 3060 482 3086 “
504 3050 638 3137 ganelli.
681 3053 720 3130 4
743 3051 884 3138 Signum
916 3051 1075 3132 Eudonis,
1109 3049 1268 3138 Dapiferi.
1314 3055 1353 3132 4
1376 3051 1517 3138 Signum

465 3159 483 3188 “
506 3154 629 3242 'Rogeri
651 3154 771 3241 Bigoti.
796 3150 835 3227 4
856 3153 997 3242 Signum
1020 3152 1167 3220 Huberti
1190 3153 1231 3220 ile
1254 3153 1337 3240 Rya
1369 3149 1408 3226 4
1444 3153 1518 3241 Sig-

464 3261 483 3291 “
506 3276 588 3321 num
637 3255 781 3323 Gilbeiti
824 3256 865 3322 de
907 3256 1124 3345 Tonebiegge.
1170 3262 1209 3340 4
1247 3255 1389 3343 Signum
1434 3254 1517 3321 Wil-

464 3364 483 3393 “
506 3358 597 3426 lelmi
619 3359 661 3426 de
688 3359 844 3426 Albinus.
891 3371 930 3448 4
953 3359 1095 3446 Signum
1126 3358 1299 3424 Humfridi
1322 3357 1363 3424 de
1394 3357 1516 3424 Insula

464 3460 544 3537 “4
569 3461 710 3550 Signum
747 3462 879 3550 Regem,
903 3461 1053 3528 Oomitis.
1099 3458 1136 3534 4
1169 3461 1311 3548 Signum
1350 3460 1521 3549 Hugonis

464 3575 482 3602 “
505 3565 654 3633 Comitis.
685 3575 724 3652 4
739 3565 878 3654 Signum
903 3564 1041 3630 Henrici
1057 3564 1098 3630 de
1120 3563 1286 3629 Ferrariis.
1319 3559 1361 3636 4
1374 3563 1516 3652 Signum

463 3667 646 3735 “Comitis
670 3666 834 3737 Willelmi
857 3668 898 3734 de
925 3665 1100 3734 Wanonna
1147 3676 1186 3753 4
1212 3664 1351 3753 Signum
1381 3665 1517 3733 Wlneti.

464 3781 481 3808 “
504 3775 543 3852 4
561 3770 702 3859 Signum
719 3770 1038 3853 Oroke,Venat01is.
1084 3778 1123 3856 4
1150 3768 1289 3856 Signum
1313 3769 1453 3836 Roberti
1476 3768 1518 3835 de

464 3874 626 3940 “Insula
665 3883 704 3960 4
728 3873 869 3962 Signum
909 3872 1069 3939 Willelmi
1107 3872 1147 3939 de
1184 3872 1336 3957 Peroeyo.
1382 3881 1421 3958 4
1445 3872 1518 3958 Sig-

463 3984 482 4012 “
504 3999 585 4044 num
619 3977 768 4057 Euboi-ti,
803 3976 1057 4064 Dispensatoris.
1118 3980 1157 4057 4
1195 3974 1335 4062 Signum
1380 3972 1520 4040 Walton‘

465 4087 481 4116 “
505 4079 636 4148 Hosati.
683 4076 722 4154 4
748 4077 889 4167 Signum
920 4077 1079 4144 Willelmi
1108 4075 1333 4163 ⁵Baldewyni.
1379 4080 1418 4158 4
1444 4073 1517 4162 Sig-

464 4191 585 4249 “num
626 4182 747 4270 Rogeri
783 4181 824 4247 de
866 4181 1013 4248 Novant.
1060 4179 1099 4256 4
1124 4179 1263 4267 Signum
1302 4178 1441 4244 Robeiti
1478 4178 1519 4244 de

464 4293 481 4322 “
503 4284 694 4375 ‘'Oilnsyol'

493 4523 501 4554 ¹
513 4523 634 4589 Properly
641 4521 739 4582 m⁰xci.‚
754 4537 782 4574 as
793 4521 820 4571 in
834 4521 958 4588 Dugdnle.
978 4535 985 4714 4
1037 4521 1045 4551 ⁴
1057 4519 1179 4585 Property
1198 4515 1334 4586 Runulple}
1354 4534 1382 4569 as
1393 4517 1420 4568 in
1432 4519 1505 4586 Dug-

492 4641 636 4710 ²Properly
643 4649 787 4710 pumero,
799 4655 826 4694 aa
845 4638 873 4692 in
885 4638 959 4706 Dug-
1005 4600 1071 4650 ωε·

458 4723 523 4774 dala.

494 4831 594 4894 'l‘urlu
605 4842 632 4892 in
644 4841 766 4910 Dugsiule.
978 4717 985 4896 l

1038 4679 1116 4730 ‘The
1137 4679 1207 4730 word
1228 4675 1283 4744 filli
1304 4675 1326 4730 is
1349 4677 1460 4730 inserted
1482 4679 1511 4730 in

1005 4759 1130 4825 Dugdnls.

1038 4841 1049 4870 ⁸
1062 4835 1150 4890 oilae
1161 4837 1187 4890 in
1198 4838 1322 4905 Dngdsle.
