3624 5824
325 890 367 952 25
386 903 462 953 saw
478 883 514 972 1.]
547 903 771 954 cacunanrss
792 899 943 952 araneis
966 901 1010 952 oa
1031 901 1237 952 culpamus.
1306 881 1372 953 213

322 1097 342 1125 “
366 1089 412 1155 Et
434 1089 519 1154 fines
540 1094 577 1155 et
599 1089 841 1177 redemptiones
874 1087 1140 1174 delinquentium
1162 1091 1278 1153 contra
1307 1087 1373 1153 for-

324 1198 345 1226 “
366 1212 455 1256 mam
480 1190 609 1257 Statuti
643 1191 804 1278 praedicti,
827 1195 903 1278 poet
926 1195 1057 1276 tempus
1079 1189 1372 1277 imprisonamenti,

321 1299 342 1328 “
364 1294 401 1358 in
424 1292 560 1359 Statuto
585 1293 643 1358 illo
669 1298 870 1372 contentum,
886 1292 1030 1372 finitum,
1055 1292 1099 1356 ad
1120 1313 1202 1377 opus
1224 1295 1374 1356 nostrum

324 1401 344 1431 “
366 1395 512 1481 capiatis,
529 1400 565 1460 et
595 1399 762 1462 extractas
792 1395 872 1460 inde
901 1393 1077 1460 annuatim
1109 1393 1153 1458 ad
1169 1393 1375 1459 scaccarium

326 1503 344 1532 ‘⁴
366 1502 516 1564 nostrum
538 1497 693 1564 liberetis
739 1497 837 1563 Teste
857 1495 988 1582 meipso,
1013 1495 1102 1582 apud
1118 1495 1376 1560 Westmonaste-

327 1606 345 1638 “
367 1600 465 1682 rium,
494 1600 556 1666 xxi
579 1599 634 1666 die
656 1600 819 1681 Janumii,
850 1619 939 1664 anno
961 1597 1055 1686 regni
1077 1597 1183 1664 nostri
1207 1596 1352 1664 octavo.'’

470 1943 666 2032 [Statariam
688 1944 729 2012 de
750 1944 961 2034 Presbyteris
982 1952 1013 2013 ct
1029 1942 1196 2032 Olccdca'e]
1414 1954 1440 2001 1².
1448 1955 1524 2004 naa

371 2125 389 2152 “
411 2117 603 2196 Edwardus,
620 2117 685 2184 Dei
699 2119 816 2205 gratia,
832 2123 901 2199 etc,
918 2115 1176 2184 Vicecomitibus
1188 2115 1375 2182 Lcndonia-
1388 2147 1470 2192 letter
1477 2151 1503 2194 ,f

326 2227 344 2254 ‘⁴
367 2241 450 2301 rum,
465 2219 617 2287 salutem.
664 2220 874 2307 Supplicavit
895 2241 956 2285 nos
970 2219 1170 2286 venerabilis
1185 2223 1282 2305 pater
1298 2215 1376 2305 R[i-
1387 2197 1515 2292 fffflL

325 2329 345 2358 “
365 2321 505 2408 cardus],
523 2321 770 2390 Londoniarum
786 2321 973 2410 Episcopus,
990 2321 1078 2408 quod
1095 2344 1170 2387 cum
1191 2321 1229 2386 in
1252 2320 1376 2407 Magna
1384 2299 1541 2412 iffi&

326 2431 344 2460 κ
368 2424 493 2491 esau
516 2424 557 2493 a
583 2424 809 2490 musaeus
824 2423 956 2512 anglia
979 2424 1188 2490 animatur
1202 2423 1290 2510 quoe
1304 2423 1374 2486 An.
1387 2399 1513 2496 seue

327 2535 345 2560 “
366 2525 495 2613 glicana
517 2526 662 2594 Ecclesia
683 2528 788 2594 libera
809 2527 863 2606 sit,
887 2532 923 2592 et
943 2525 1066 2593 babeat
1088 2527 1200 2592 omnia
1217 2526 1295 2613 jura
1316 2501 1538 2597 anemii*

329 2635 347 2664 ‘⁴
369 2628 499 2716 integra
521 2633 557 2694 et
582 2629 755 2696 libertates
780 2651 857 2696 suas
891 2629 1012 2695 illaesae
1024 2653 1033 2709 ;
1066 2633 1101 2695 et
1123 2629 1197 2715 ipsa
1220 2627 1375 2705 Ecclesia,
1387 2602 1528 2706 ididiam-s

327 2737 345 2766 “
367 2731 455 2796 inter
476 2731 559 2800 elias
590 2731 762 2798 libertates
792 2754 876 2810 suas,
901 2732 986 2798 hano
1007 2730 1197 2797 libertatem
1221 2704 1518 2847 habueritiiffeiir

327 2841 346 2868 “
368 2833 412 2898 ab
434 2833 581 2920 antiquo,
606 2834 771 2913 videlicet,
796 2835 885 2921 quod
907 2833 993 2899 nulli
1014 2833 1091 2899 laici
1121 2832 1221 2899 liceat
1242 2832 1376 2920 presby·
1389 2805 1536 2949 tuti&

325 2943 345 2974 “
367 2942 455 3002 teres
477 2959 537 3003 seu
562 2937 695 3004 clericos
717 2959 831 3026 cepere
856 2959 918 3004 nec
939 2937 1166 3024 imprisonare,
1190 2935 1262 3002 eine
1283 2905 1532 3003 man-iiiiibun.

330 3045 348 3073 “
370 3039 450 3105 dato
472 3044 587 3106 nostro
610 3040 752 3127 speciali,
767 3040 832 3106 nisi
854 3040 955 3106 fuerit
980 3061 1039 3127 pro
1062 3039 1176 3126 aliquo
1198 3037 1286 3125 quod
1300 3059 1378 3104 con-

328 3147 346 3176 “
369 3145 423 3206 tra
446 3163 559 3228 pacem
581 3146 730 3208 nostram
745 3164 804 3208 eeu
824 3142 1084 3230 prohibitionem
1106 3146 1254 3207 nostram
1276 3139 1378 3206 fuerit

329 3249 348 3279 ‘¹
371 3248 619 3330 perpetratum
641 3245 778 3332 quidam
810 3244 968 3326 homines,
991 3243 1145 3311 nonnulli
1167 3244 1210 3310 de
1238 3243 1377 3309 civitate

329 3353 347 3380 “
370 3345 538 3432 predicta,
562 3367 630 3414 euae
652 3348 775 3413 mentis
797 3347 1015 3428 immemores,
1030 3345 1089 3435 qui
1111 3345 1154 3412 ad
1169 3345 1376 3432 vigilandum

330 3455 349 3485 “
370 3453 467 3515 nocte
500 3449 536 3513 in
567 3449 705 3517 civitate
738 3450 797 3516 illa
829 3472 890 3538 pro
923 3471 1002 3538 pace
1033 3453 1150 3514 nostra
1172 3447 1378 3515 observanda

330 3559 348 3586 ‘¹
370 3552 581 3639 deputantur,
605 3551 759 3638 hospitia,
784 3551 906 3633 domos,
923 3557 958 3618 et
973 3573 1118 3619 cameras
1132 3551 1377 3639 capellanorum

328 3661 347 3690 “
368 3654 405 3718 vi
429 3659 464 3720 et
489 3655 590 3720 armis
612 3654 853 3743 ingrediuntur,
872 3659 907 3721 et
930 3655 1052 3721 eisdem
1066 3653 1240 3742 capellanis
1254 3654 1378 3720 crimen

329 3764 348 3792 “
369 3756 598 3823 fornicationis
613 3761 649 3822 et
663 3756 821 3824 adulterii
844 3755 1000 3846 (quorum
1025 3757 1180 3824 eorrectio
1196 3757 1239 3822 ad
1253 3757 1377 3822 Forum

327 3865 345 3895 “
370 3859 643 3941 Ecclesiastieum‚
666 3865 701 3925 et
730 3882 797 3926 non
818 3859 861 3927 ad
885 3860 1006 3926 Forum
1029 3859 1174 3942 Laicum,
1205 3859 1378 3926 manifeste

330 3961 553 4028 “dinoscitur
583 3962 772 4050 pertinere)
796 3963 987 4049 frequenter
1009 3983 1052 4029 ex
1073 3961 1210 4041 invidia,
1235 3962 1318 4041 odic,
1343 3967 1378 4028 et

330 4068 349 4100 “
372 4063 505 4129 malitia
526 4066 774 4152 praeconceptis,
797 4066 1016 4153 imponentes,
1038 4065 1126 4154 ipsos
1149 4063 1333 4151 capellanos
1357 4086 1378 4129 a

329 4173 348 4203 ‘⁴
371 4167 522 4232 domibus
545 4173 579 4233 et
605 4169 742 4234 camaris
764 4168 841 4249 suis,
856 4169 924 4234 acsi
946 4167 1034 4235 fures
1057 4173 1091 4234 et
1113 4166 1236 4232 felones
1258 4170 1376 4246 essent,

331 4277 349 4304 “
371 4270 563 4349 extrahunt,
581 4271 728 4359 capiunt,
752 4269 852 4337 etad
878 4271 1061 4350 Tenelium,
1086 4292 1186 4358 quem
1212 4269 1378 4336 Hemicus

330 4380 348 4408 “
370 4371 402 4438 le
416 4371 559 4459 Waleys,
576 4394 681 4460 nuper
704 4373 812 4462 Major
827 4373 974 4440 civitatis
996 4373 1171 4460 praedietae,
1195 4393 1255 4458 pro
1277 4377 1379 4438 noctu

332 4475 575 4562 “vagantibus
613 4481 649 4542 et
675 4475 938 4543 discurrentibus
976 4476 1012 4541 in
1050 4475 1188 4542 civitate
1225 4475 1294 4553 illa,
1333 4474 1376 4540 de

332 4585 349 4614 “
372 4578 493 4665 quibus
527 4577 668 4666 auspicio
694 4579 825 4646 feloniae
859 4583 919 4644 aut
954 4577 1034 4644 mali
1063 4577 1233 4658 habeatur,
1272 4575 1378 4664 primo

331 4687 351 4717 ‘¹
373 4684 614 4763 construxerat,
640 4681 832 4764 adducunt3
855 4686 891 4748 et
914 4703 969 4748 cos
996 4680 1121 4746 ibidem
1142 4680 1295 4747 detinent
1317 4681 1380 4746 im*

334 4789 352 4818 “
373 4782 577 4871 prisonatos,
607 4793 641 4852 et
664 4783 730 4850 alia
745 4783 894 4851 enormia
914 4783 961 4852 eis
983 4784 1141 4866 inserunt,
1169 4782 1206 4849 in
1229 4783 1381 4850 Ecclesiae
