3648 5816
303 946 343 1014 31
363 957 444 1012 usu.
462 939 532 1030 uu]
557 953 673 1010 assur
694 955 739 1010 or
761 953 1015 1020 ouans-suras
1038 954 1076 1006 1u
1093 953 1158 1004 ran
1175 951 1276 1004 sunu.
1312 934 1356 1010 47

305 1177 322 1206 “
344 1167 531 1236 haeredibus
553 1167 631 1248 suis,
655 1167 744 1254 quod
762 1165 851 1233 idem
875 1163 994 1254 Major,
1017 1169 1052 1231 et
1076 1185 1188 1232 omnes
1215 1163 1357 1250 Majores

303 1279 323 1308 “
344 1275 419 1359 post
444 1271 563 1358 ipsum,
589 1275 625 1336 et
639 1274 714 1336 tota
729 1290 903 1334 commune
917 1267 1021 1356 ipsius
1038 1267 1194 1349 civitatis,
1211 1265 1357 1332 habeant

303 1381 322 1410 “
345 1379 379 1440 et
401 1378 541 1440 teneant
562 1373 758 1462 praedictam
785 1371 907 1458 Ripam
934 1371 1080 1457 Reginae,
1104 1393 1179 1436 cum
1203 1371 1357 1436 omnibus

304 1483 322 1512 “
345 1475 566 1554 libertatibus,
582 1473 878 1542 consuetudinibus
893 1472 1055 1552 omnibus,
1071 1473 1192 1538 etaliis
1206 1473 1357 1540 rebusad

304 1587 323 1614 “
346 1601 420 1645 eam
450 1578 686 1668 spectantibus,
711 1577 755 1644 ad
781 1576 870 1642 feodi
895 1575 1049 1656 firmam3
1079 1575 1246 1642 reddendo
1268 1575 1356 1655 inde,

304 1687 324 1720 “
346 1703 405 1768 per
428 1703 565 1762 annum,
581 1680 687 1747 eidem
704 1679 829 1747 Oomiti
853 1682 888 1745 et
913 1677 1099 1745 haemdibus
1122 1678 1199 1757 suis,
1215 1679 1269 1744 vel
1290 1679 1358 1744 suis

305 1795 322 1820 ‘⁶
345 1785 533 1872 assignatis,
551 1784 796 1872 quinquaginta
817 1782 918 1848 libras
932 1782 978 1847 ad
991 1781 1074 1847 duos
1096 1781 1256 1848 terminos
1277 1783 1357 1846 anni

304 1895 322 1926 “
345 1887 434 1976 apud
451 1886 730 1968 Olerkeneweile;
745 1885 909 1965 videlicet,
921 1883 965 1949 ad
980 1884 1127 1950 clausum
1138 1883 1273 1951 Paschae
1286 1905 1358 1948 xxv

305 1997 323 2028 “
346 1989 458 2071 libras,
480 1996 515 2057 st
544 1990 581 2055 in
613 1988 758 2056 Octabss
794 1987 892 2054 Beati
929 1985 1101 2053 Michaelis
1137 2009 1209 2054 xxv
1249 1986 1357 2053 libras.

303 2094 393 2159 “Et
430 2093 474 2160 ad
504 2093 663 2178 majorem
700 2090 801 2178 hujus
837 2090 886 2156 rei
917 2091 1137 2168 securitatem,
1183 2091 1359 2177 pradictus

307 2207 325 2234 ‘⁴
349 2197 465 2263 Comes
476 2197 565 2284 parti
576 2195 675 2282 hujus
689 2193 907 2282 chirographi,
931 2192 1207 2280 penes'Majcrem
1222 2199 1257 2260 ct
1272 2216 1358 2260 com-

306 2305 324 2338 “
347 2322 482 2366 munam
501 2299 749 2364 Londoniarum
775 2297 969 2375 remanenti,
990 2296 1122 2383 signum
1142 2317 1239 2361 suum
1260 2319 1358 2383 appo-

309 2412 327 2438 “
348 2404 423 2468 suit.
470 2403 516 2467 Et
537 2401 688 2488 praedicti
711 2400 819 2487 Major
844 2405 880 2466 et
901 2421 1076 2466 commune
1105 2400 1237 2486 scripto,
1261 2421 1359 2486 penes

307 2510 326 2542 ‘¹'
348 2505 474 2571 dictum
491 2504 654 2570 Comitem
679 2502 876 2584 remanenti,
901 2501 1047 2589 sigillum
1077 2524 1260 2569 communae
1290 2523 1358 2569 suae

306 2616 324 2644 ‘⁴
347 2605 598 2695 apposuerunt?

690 2798 986 2806 -——-—-——-—

309 2955 435 3024 Oicurtc
456 2953 560 3042 Recta
583 2953 742 3036 Hebraei,
758 2954 838 3044 fiat·
861 2953 1262 3044 scarabaeosque
1285 2975 1373 3022 coa--

545 3058 708 3148 firocacit
725 3056 892 3126 elasam
907 3057 1158 3147 precedentem

360 3267 378 3296 ‘¹
402 3260 575 3340 Hemicus,
598 3259 663 3327 Dei
690 3261 808 3348 gratia,
834 3260 908 3328 Rex
931 3261 1075 3350 Anglias,
1097 3267 1166 3344 etc,
1189 3261 1504 3352 Arcldspi-cnncemr

310 3371 329 3401 “
350 3365 464 3452 scopis,
492 3364 671 3452 Episcopis,
696 3369 768 3447 etc,
793 3365 943 3432 salutem.
989 3365 1160 3433 Noveritis
1176 3367 1265 3454 quod
1284 3338 1508 3442 con-iiiiimiii}

310 3473 330 3506 “
352 3469 543 3535 vectionem
553 3467 774 3534 sectaminter
787 3466 977 3547 Ricardum,
994 3467 1158 3536 Comitem
1174 3469 1358 3550 Cornubiae,
1371 3440 1488 3486 ihm*

312 3581 330 3607 “
352 3572 487 3639 datram
509 3572 670 3651 nostrum,
687 3591 730 3636 ex
756 3593 824 3636 una
848 3575 951 3658 parte,
977 3575 1012 3637 et
1032 3571 1192 3657 Majorem
1218 3577 1253 3638 et
1273 3595 1360 3638 ecm-

312 3683 330 3712 “
351 3696 488 3740 murram
514 3673 772 3755 Londoniarum,
800 3695 842 3739 ex
865 3673 980 3754 altera,
996 3673 1209 3761 inspeximus,
1232 3677 1269 3740 in
1291 3676 1361 3742 haec

308 3790 327 3818 “
349 3779 620 3850 verbm-‘Anno
629 3780 723 3868 regni
734 3779 833 3868 Regis
840 3779 1198 3870 Henrici,fiiiiRegisJ
1200 3781 1361 3863 ohannis,'

311 3895 328 3920 ‘⁸
350 3890 419 3965 otc,
446 3884 565 3974 [prout
584 3882 782 3950 conticetur
805 3882 847 3950 ia
871 3881 999 3950 Oboda
1017 3884 1244 3974 praecolorata]
1290 3885 1360 3952 Nos

311 3997 329 4024 “
351 3987 467 4076 igitur,
482 3986 677 4076 praedictam
694 3985 949 4054 conventionem
963 3991 1071 4053 ratam
1094 3993 1128 4054 et
1150 3994 1280 4076 gratam
1303 3989 1359 4055 ha

312 4101 330 4128 “
352 4093 477 4169 beatas,
493 4111 566 4156 cam
581 4111 640 4177 pro
656 4089 753 4157 nobis
769 4093 803 4156 et
816 4089 1003 4158 haeredibus
1018 4092 1139 4158 nostris
1153 4091 1360 4158 concedimus

312 4204 329 4230 “
353 4199 387 4260 et
407 4193 647 4260 confirmamus.
694 4192 774 4258 Hiis
794 4193 945 4276 testibus,
962 4193 1137 4284 Roduipho
1151 4195 1221 4262 filio
1237 4195 1359 4261 Nicbc-

311 4307 330 4334 “
351 4297 407 4380 lai,
432 4296 573 4362 Ricardo
596 4296 638 4362 dc
661 4293 761 4384 Grey,
777 4295 801 4363 J
802 4295 933 4363 ohanne
953 4301 989 4363 et
1004 4297 1176 4382 WiIlelmc,
1201 4297 1359 4364 fratribus

311 4407 330 4437 “
352 4401 433 4488 ejus,
448 4398 589 4464 Paulino
612 4397 748 4488 Peyvre,
775 4398 951 4488 Radulpho
966 4401 1008 4466 de
1030 4399 1183 4481 Waunci,
1205 4400 1360 4490 Jchanne

311 4509 331 4540 “
355 4501 540 4582 Gumbaud,
557 4505 592 4568 et
606 4501 688 4569 aliis.
733 4499 860 4592 Datum
871 4525 930 4592 per
944 4525 1080 4569 manum
1097 4507 1255 4584 nostram,
1271 4507 1361 4593 apud

310 4613 331 4644 “
353 4605 582 4692 Wyndescres,
605 4605 705 4670 xxvi⁰
730 4605 784 4671 dia
810 4605 994 4690 Februarii,
1022 4629 1109 4674 anno
1134 4609 1229 4696 regni
1255 4610 1361 4675 nostri

313 4721 333 4748 “
357 4711 484 4778 xxxi⁰.”
