3600 5822
485 874 552 950 276
822 889 924 942 urens
944 887 1187 942 weruusnou
1323 873 1383 962 [17
1398 889 1482 942 nnn.
1499 889 1536 941 11.

490 1081 510 1114 “
533 1081 542 1113 ‘
557 1074 779 1162 assignassent
793 1073 830 1140 in
844 1079 1041 1162 perpetuum
1056 1099 1065 1157 ;
1087 1079 1122 1141 et
1137 1074 1291 1142 similiter
1305 1075 1537 1142 concessissent

489 1184 507 1215 “
531 1183 588 1243 ‘et
611 1177 825 1256 ordinassent,
842 1177 930 1264 quod
952 1177 1032 1242 alibi
1053 1176 1090 1242 in
1112 1175 1250 1243 eivitete
1264 1177 1423 1264 praedicta
1438 1199 1538 1263 quam

488 1287 506 1316 “
530 1280 591 1344 ‘in
606 1278 720 1346 eadem
735 1279 832 1345 domo
847 1283 883 1344 et
897 1279 933 1344 in
958 1278 1029 1346 loeo
1043 1278 1210 1366 praeusto,
1234 1279 1334 1345 stalla
1348 1279 1537 1345 carnificum

488 1391 506 1420 “
528 1383 626 1448 ‘sive
654 1379 911 1468 piscenariorum
937 1403 1006 1448 esse
1038 1402 1106 1446 non
1127 1382 1367 1468 permitterent,
1391 1381 1538 1467 exeeptis

487 1492 507 1522 “
531 1483 708 1550 ‘videlieet
722 1481 804 1547 Vico
827 1481 868 1548 de
883 1481 1124 1570 Bruggestrete,
1152 1482 1193 1548 de
1208 1481 1378 1570 Estchepe,
1405 1485 1441 1547 et
1456 1482 1537 1547 Vico

489 1595 507 1623 “
530 1586 597 1652 ‘de
613 1583 870 1661 Eldefishstrete,
894 1589 929 1649 et
951 1583 1033 1650 Vico
1056 1582 1254 1650 carnificum
1277 1583 1536 1651 occidentalium

489 1694 509 1726 “
532 1687 592 1752 ‘in
614 1683 772 1751 Perochia
803 1683 919 1751 Sardi
942 1684 1104 1767 Nicholei,
1128 1691 1227 1772 prout
1253 1685 1437 1772 antiquitus
1465 1684 1539 1749 fieri

488 1797 507 1828 “
531 1796 541 1828 ‘
554 1787 869 1872 consuevit—prout
883 1785 920 1851 in
934 1785 1143 1853 ordinatione
1162 1792 1197 1853 et
1220 1786 1465 1874 compositione,
1479 1806 1539 1873 per

489 1897 508 1929 “
530 1887 730 1977 ‘prmistum
746 1887 929 1953 Henricum
943 1891 979 1953 et
1000 1894 1081 1954 tunc
1106 1888 1376 1954 communitatem
1390 1887 1538 1954 civitatis

489 2000 507 2032 “
531 1991 721 2080 ‘praedictae
743 1989 780 2054 in
801 1989 862 2055 beo
889 1995 983 2076 parte
998 1989 1128 2070 factam,
1145 1990 1273 2078 plenius
1288 1989 1434 2056 vidimus
1460 2010 1537 2056 con-

555 2093 664 2162 tineri
710 2093 817 2178 Aquo
831 2096 988 2178 tempore,
1004 2092 1172 2158 caluitioes
1187 2097 1222 2158 et
1236 2091 1412 2180 pincenarii
1426 2111 1539 2157 carnes

489 2206 508 2238 “
532 2202 591 2264 ‘et
612 2195 715 2284 pisces
741 2215 817 2260 suos
843 2193 978 2275 ibidem,
993 2197 1028 2260 et
1042 2214 1110 2260 non
1134 2194 1171 2260 in
1191 2193 1265 2260 eliis
1279 2195 1359 2260 loeis
1373 2193 1538 2282 contiguis

490 2310 509 2342 “
533 2305 592 2366 ‘et
614 2296 742 2378 vicinis,
768 2295 915 2382 exceptis
937 2295 1021 2361 vicis
1045 2296 1221 2384 praedietis,
1247 2295 1479 2376 vendiderunt,
1503 2301 1538 2360 et

489 2410 508 2442 “
530 2399 703 2468 ‘redditus
733 2396 774 2463 de
796 2396 903 2463 stallis
931 2395 1054 2464 ibidem
1084 2397 1314 2485 provenientes
1337 2396 1540 2466 custodibus

489 2513 508 2542 ‘¹
532 2502 672 2568 ‘Pontis
695 2497 854 2586 praedicti,
875 2498 934 2583 qui
959 2520 1019 2585 pro
1037 2504 1184 2586 tempore
1207 2499 1355 2579 fuissent,
1380 2501 1417 2564 in
1444 2498 1538 2564 auxi-

490 2615 509 2642 “
532 2612 541 2643 ‘
555 2604 638 2669 lium
652 2597 905 2668 sustentationis
919 2600 1064 2686 ejusdem
1079 2599 1203 2679 Pontis,
1219 2601 1444 2667 reddiderunt.
1489 2601 1538 2665 At

489 2715 510 2746 ⁴‘
533 2715 624 2782 ‘nos
647 2701 779 2790 praefati
795 2699 904 2785 Major
918 2705 953 2767 et
975 2700 1200 2782 Aldermnnni,
1216 2724 1323 2790 nuper
1345 2725 1388 2770 ex
1408 2703 1539 2790 querele

490 2817 509 2844 “
532 2803 720 2873 ‘Johannis
754 2801 865 2868 suerro
895 2806 931 2867 et
955 2801 1075 2890 Rogeri
1107 2807 1179 2870 atto
1204 2804 1322 2892 Vigne,
1353 2805 1537 2872 Custodum

492 2917 510 2946 “
533 2907 638 2974 ‘dicti
662 2905 787 2981 Pontis,
816 2903 1012 2990 accipientes
1036 2904 1124 2991 quod
1150 2905 1287 2992 quidem
1309 2906 1478 2972 carnifices
1501 2911 1537 2972 et

487 3018 508 3049 ‘¹
532 3019 540 3046 ‘
554 3005 727 3097 piscenarii
741 3004 889 3070 civitatis
903 3005 1077 3092 praedietae,
1090 3007 1147 3093 qui
1163 3007 1206 3072 ad
1220 3007 1329 3074 locum
1342 3009 1537 3094 praedictum

488 3119 506 3150 “
530 3109 652 3178 ‘stare
667 3113 701 3174 et
722 3127 837 3174 carnes
859 3110 895 3173 et
916 3107 1019 3193 pisces
1041 3129 1117 3174 suos
1141 3108 1265 3175 ibidem
1288 3110 1430 3176 vendere
1462 3132 1537 3177 oon-

489 3219 508 3252 “
532 3214 743 3289 ‘suevemnt
771 3207 940 3275 redditum
973 3209 1169 3295 praedictum
1193 3210 1387 3277 subtrahere
1415 3213 1536 3278 machi·

488 3324 507 3352 “
530 3319 680 3392 ‘nentes
703 3312 769 3378 alia
794 3310 891 3377 stella
905 3331 964 3397 pro
989 3311 1143 3379 carnibus
1157 3316 1192 3378 et
1213 3313 1355 3400 piscibus
1375 3315 1444 3380 suis
1458 3337 1536 3381 ven·

487 3423 507 3454 “
532 3415 670 3484 ‘dendis
696 3413 733 3478 in
756 3413 825 3478 alto
848 3411 922 3478 vico
948 3411 1046 3500 regio,
1065 3419 1099 3480 et
1122 3413 1196 3480 aliis
1219 3414 1297 3481 locis
1322 3415 1487 3503 contiguis
1501 3423 1538 3484 et

487 3528 505 3558 ‘⁶
529 3519 679 3599 ‘vicinis
694 3521 790 3582 extra
805 3513 940 3580 domum
955 3515 1157 3601 praedictam,
1178 3522 1218 3582 ut
1232 3517 1278 3582 sic
1292 3538 1351 3603 pro
1366 3519 1473 3584 stallis
1487 3520 1538 3585 in-

486 3627 506 3660 “
530 3630 538 3660 ⁴
552 3620 603 3686 fra
616 3620 751 3686 domum
765 3617 857 3682 illam
872 3616 1093 3682 existentibus
1114 3618 1200 3682 nihil
1222 3619 1404 3700 redderent,
1421 3629 1538 3688 eontra

488 3733 506 3763 “
531 3721 796 3790 ‘ordinationem
819 3716 911 3805 prius
937 3717 974 3784 in
998 3717 1059 3784 heo
1083 3725 1177 3806 parte
1194 3719 1322 3802 santam,
1339 3725 1538 3792 auctoritate

489 3835 507 3864 “
531 3833 615 3890 ‘sua
638 3821 770 3910 propria
784 3819 940 3900 fecerunt,
957 3824 993 3886 et
1008 3841 1122 3887 earnes
1137 3827 1172 3888 et
1186 3822 1289 3909 pisces
1312 3846 1388 3891 suas
1414 3827 1536 3895 ibidem

491 3935 509 3965 “
534 3923 800 4004 ‘vendiderunt3
838 3943 897 4008 per
928 3922 1017 4009 quod
1058 3923 1208 3990 redditus
1251 3927 1436 4012 pradictus,
1478 3931 1536 4017 qui

488 4039 506 4066 “
530 4027 701 4094 ‘maxima
726 4045 802 4111 pers
825 4023 1077 4090 sustentationis
1099 4023 1215 4093 Pontis
1236 4025 1386 4114 praedieti
1411 4031 1535 4112 existit,

488 4142 507 4170 “
530 4126 810 4198 ‘subtrahebatur
831 4124 868 4189 in
889 4125 1095 4192 immensum.
1141 4127 1247 4216 Super
1269 4150 1341 4216 quo,
1359 4131 1442 4198 dicti
1454 4133 1536 4200 Gus-

488 4244 507 4272 “
530 4231 647 4298 ‘tedes
672 4227 768 4294 nobis
782 4227 1017 4315 supplicarunt,
1034 4229 1215 4296 remedium
1240 4231 1305 4296 sibi
1320 4254 1379 4320 per
1394 4255 1454 4301 nos
1478 4237 1535 4303 ad-

488 4345 507 4375 “
531 4332 684 4413 ‘hiberi;
706 4336 742 4397 et
770 4351 838 4408 nos,
873 4329 1166 4398 considerationem
1196 4331 1356 4400 habentes
1387 4337 1475 4422 quod
1506 4341 1535 4404 si

488 4449 507 4476 “
530 4433 743 4522 ‘hujusmodi
750 4431 958 4498 venditiones
973 4431 1112 4499 userius
1127 4433 1355 4516 tolerarentur,
1371 4435 1408 4502 in
1419 4437 1536 4506 Pontis

488 4550 506 4578 “
530 4535 701 4626 ‘pmdicti
716 4539 751 4600 et
765 4533 911 4600 civitatis
924 4534 1096 4621 praedietse,
1113 4556 1151 4601 ae
1166 4537 1312 4602 omniurn
1327 4559 1386 4626 per
1396 4539 1536 4608 Pontem

488 4651 507 4680 “
531 4640 648 4705 ‘illum
679 4635 930 4716 transeuntium,
957 4635 1139 4724 perieulum
1175 4643 1211 4704 et
1236 4639 1394 4706 brunum
1424 4643 1536 4711 cedere

489 4752 507 4781 ‘⁶
531 4745 689 4830 ‘possent
713 4738 909 4821 menileste;
931 4744 966 4807 et
989 4739 1091 4806 etiam
1114 4741 1158 4806 nd
1184 4739 1252 4822 hoc,
1270 4742 1358 4830 quod
1372 4742 1535 4813 Dominus
