3624 5824
297 879 1347 970 29euw.1.]Lfflmswoos'mssrormrnecmreecv111.163

296 1095 313 1123 “
335 1087 467 1168 lcribus,
493 1087 575 1153 dicti
604 1087 707 1174 regni,
738 1086 800 1152 sub
832 1087 932 1153 titulo
964 1086 1099 1152 decimes
1120 1087 1174 1152 vel
1205 1087 1350 1174 cujusvis

296 1196 315 1226 “
337 1191 484 1269 subsidii,
518 1211 714 1276 quocunque
736 1189 869 1255 nomine
894 1186 1118 1271 'censecntun
1147 1189 1348 1278 impositum,

297 1298 315 1328 “
337 1293 438 1358 fucrit
468 1293 614 1379 petitum
644 1293 698 1357 vel
726 1291 922 1377 requisitum
952 1291 994 1357 eb
1026 1292 1080 1370 eis,
1109 1291 1211 1358 etiem
1241 1294 1270 1357 si
1307 1292 1351 1358 ed

298 1403 316 1430 ‘¹
337 1395 423 1462 illud
458 1394 653 1462 solvendum
691 1395 821 1482 praeleti
851 1400 885 1462 et
915 1415 1063 1482 personne
1097 1395 1265 1482 praedictos
1299 1417 1350 1460 as-

297 1506 317 1536 “
339 1519 472 1566 sensum
503 1497 727 1586 praescierint,
763 1497 818 1564 vel
847 1499 891 1564 cd
925 1497 987 1564 hcc
1018 1520 1053 1564 se
1084 1498 1243 1564 duxerint
1269 1497 1352 1563 obli-

300 1609 317 1636 “
338 1601 472 1688 gendos,
504 1601 585 1669 'vel
624 1601 732 1667 adhuc
770 1604 925 1668 exectum
963 1600 1064 1669 fuerit
1105 1601 1158 1668 vel
1196 1602 1351 1682 solutum,

299 1712 316 1738 “
339 1703 463 1790 absque
502 1703 599 1772 Sedis
638 1701 786 1789 ejusdem
824 1703 958 1790 speciali
995 1704 1153 1770 mendcio
1193 1703 1350 1770 discerni-

295 1813 314 1843 “
337 1827 411 1874 mus
440 1826 510 1873 non
539 1804 735 1873 solvendum
774 1806 1012 1886 executoribus,
1047 1827 1145 1894 super
1167 1807 1352 1893 premissis,

299 1917 317 1945 “
340 1909 395 1975 vel
432 1909 543 1996 aliquo
581 1907 834 1996 premissorum,
865 1931 887 1974 e
925 1908 1015 1975 dicte
1050 1908 1136 1975 Sede
1173 1911 1354 1989 concessis3

301 2019 318 2047 “
342 2010 491 2078 districte
513 2010 719 2090 mandentes,
749 2015 791 2076 ut
820 2015 935 2078 contre
961 2010 1151 2096 hujusmodi
1173 2013 1355 2099 suspensio·

300 2120 320 2149 “
342 2136 419 2179 nem
459 2118 493 2179 et
526 2114 694 2180 decretum
726 2117 885 2191 nostrum,
918 2115 1045 2200 aliquos
1084 2137 1152 2180 ncn
1191 2113 1353 2202 ³grevent

301 2222 319 2252 “
342 2216 398 2282 vel
427 2217 612 2296 molestent,
643 2220 704 2281 cut
734 2221 848 2282 contre
878 2237 933 2282 ecs
964 2217 1154 2303 hujusmodi
1190 2216 1355 2284 occasione

303 2327 320 2355 “
343 2319 399 2385 vcl
427 2317 557 2396 ⁴ceusc‚
580 2318 636 2384 vel
661 2318 772 2404 aliquo
788 2317 1095 2405 modc,procedent
1139 2319 1185 2386 Et
1211 2321 1240 2385 si
1264 2341 1356 2386 secus

302 2430 321 2459 “
343 2421 487 2501 fecerint,
513 2420 597 2486 illud
624 2421 828 2487 decerminus
854 2422 988 2488 irritum
1011 2428 1045 2488 et
1076 2423 1184 2504 inene,
1216 2428 1251 2489 et
1284 2423 1358 2488 nul-

303 2531 321 2560 “
344 2525 408 2590 lius
448 2525 590 2591 existere
631 2523 785 2590 volumus
824 2523 1001 2590 firmitatis.
1059 2524 1225 2592 Gaeterum
1275 2524 1356 2611 quic

304 2633 322 2664 ‘⁸
344 2627 455 2692 labilis
484 2631 536 2692 est
564 2625 711 2692 humane
733 2626 900 2706 memorie,
933 2631 967 2694 et
997 2627 1062 2716 ipsi
1093 2627 1187 2716 Regi,
1220 2649 1255 2694 se
1286 2648 1356 2693 ccr-

303 2736 320 2766 “
343 2730 467 2817 rigenti
492 2733 527 2794 et
549 2727 716 2794 habitanti
743 2729 787 2793 ed
808 2731 951 2816 gretiam
978 2731 1235 2818 promerendam,
1253 2727 1359 2795 ⁵libe-

305 2843 323 2868 ‘¹
346 2833 471 2913 reliber,
503 2837 667 2918 quentum
697 2853 773 2897 cum
804 2831 876 2898 Dec
907 2855 1089 2920 possumus,
1121 2837 1244 2920 ubsque
1275 2835 1361 2898 mul-

305 2941 324 2970 “
347 2941 457 3002 torum
486 2933 642 3000 scendelc
678 2934 923 3020 complacemus,
956 2936 1053 3002 dictis
1083 2938 1296 3023 suspensione
1326 2939 1361 2999 et

305 3043 324 3074 “
347 3038 479 3104 decreto
505 3037 543 3100 in
574 3057 633 3101 sue
658 3035 818 3104 firmitate
841 3039 1061 3118 manentibus,
1091 3037 1262 3105 Kalendas
1293 3037 1362 3101 No-

305 3145 324 3176 “
346 3137 491 3206 vembris
520 3139 672 3225 proximo
701 3145 860 3206 ventures
884 3163 943 3228 pro
967 3142 1188 3228 peremptorio
1219 3139 1363 3205 termino

308 3248 327 3278 “
352 3242 567 3330 assignemus,
596 3245 637 3306 ut
667 3242 778 3308 omnic
808 3243 990 3331 privilegiu,
1022 3243 1150 3331 gratioe,
1181 3241 1364 3329 indulgen·

309 3351 327 3382 “
350 3345 420 3423 tice,
445 3349 480 3411 et
514 3341 765 3423 ⁰ccncessicnis,
800 3368 875 3432 quae
901 3346 991 3412 dicto
1025 3345 1109 3433 Regi
1140 3350 1175 3412 et
1205 3365 1365 3411 successo-

309 3446 443 3512 “ribus
470 3447 549 3528 suis,
575 3468 614 3514 nc
634 3447 760 3514 clericis
786 3452 821 3513 et
854 3448 956 3527 laicis,
991 3449 1032 3514 de
1057 3450 1204 3534 ipsorum
1229 3446 1364 3513 consilio

310 3557 328 3586 “
354 3550 424 3637 (ille
439 3551 626 3638 praescrtim
650 3572 725 3638 ques
748 3551 827 3615 dum
850 3551 885 3616 in
902 3550 996 3616 Urbe
1012 3551 1125 3618 Veteri
1140 3549 1195 3616 rel
1211 3549 1366 3636 Anagnia

309 3659 328 3690 “
351 3652 490 3718 ⁷nostre
511 3674 724 3730 moreremur,
750 3651 812 3718 sub
837 3654 956 3740 quevis
979 3653 1086 3719 forma
1107 3652 1275 3718 noscimur
1290 3673 1365 3717 con·

312 3762 329 3791 “
354 3755 512 3841 cessisse),
532 3755 632 3822 dictes
656 3753 753 3821 Sedis
782 3755 971 3843 conspectui
993 3759 1247 3843 praesententur,
1264 3759 1299 3819 et
1324 3754 1368 3819 ed

312 3862 331 3892 “
353 3861 503 3922 nostrum
534 3863 569 3924 et
606 3857 711 3944 ipsius
749 3857 845 3924 Sedis
871 3858 1028 3925 notitiem
1061 3859 1288 3938 deducentur3
1319 3861 1367 3935 ut,

312 3961 570 4026 “consideretis
594 3961 675 4047 ipsis
698 3961 846 4040 etviris,
880 3961 1052 4048 provideri
1086 3961 1197 4048 possit,
1225 3960 1255 4024 si
1279 3958 1369 4023 dicte

313 4061 525 4150 “suspensio
552 4061 655 4127 fuerit
688 4061 726 4126 in
762 4060 860 4129 ⁸nliis
889 4065 943 4132 vel
968 4063 1134 4150 aliquibus
1160 4060 1369 4128 moderanda.

313 4170 330 4198 “
354 4162 481 4228 Detum
517 4163 691 4242 Laterano,
731 4161 872 4234 ⁹N0nas
905 4166 1106 4245 Decembris,
1146 4163 1369 4231 Pontificatus

314 4272 332 4300 “
355 4267 461 4332 nostri
489 4288 577 4331 enno
600 4265 771 4354 septimo.''

1229 4416 1371 4424 ...m-a..—

347 4487 473 4540 ¹Written
494 4489 664 4540 ‘cernantur'
677 4489 704 4539 in
718 4489 761 4541 the
774 4491 825 4540 ori-
902 4491 1046 4556 “Properly
1057 4491 1225 4540 concessiones.

314 4569 391 4676 3³:⁸¹·
903 4596 991 4648 ’Ἧι
1023 4611 1075 4645 cum
1106 4603 1190 4646 nostra
1225 4611 1371 4648 moreremur

369 4646 435 4698 VB·
447 4663 497 4698 '⁸⁰⁶'
873 4676 959 4728 Curia.

350 4728 360 4756 ¹
372 4725 440 4778 VR.
452 4733 594 4793 aqqrcrent.

350 4805 359 4834 “
371 4803 438 4856 ΥΒ,
449 4821 527 4856 ccccc
538 4804 620 4871 aliquo
631 4805 704 4858 modo.

351 4885 361 4913 ⁵
372 4883 438 4936 VR,
450 4882 557 4936 libente.
