3624 5824
316 864 357 928 31
378 881 462 932 now.
481 863 521 952 1.]
547 881 758 932 conmorros
782 881 826 931 or
847 882 917 930 rna
942 877 1050 930 eumn
1073 882 1213 932 rnurns.
1307 869 1367 933 231

317 1074 335 1100 “
358 1066 589 1133 beneficiorum
612 1065 902 1134 ecclesiasticorum
928 1089 1196 1156 quorumcunque
1221 1068 1309 1132 infra
1332 1067 1371 1132 li-

317 1176 337 1205 “
359 1169 514 1236 mitatem
529 1169 624 1236 vobis
639 1171 736 1238 dictae
757 1169 893 1237 decimae
915 1171 1058 1238 collectae
1081 1171 1369 1257 constitutisque

315 1278 333 1304 “
355 1275 474 1338 taxata
490 1291 559 1338 non
580 1273 791 1360 reperiuntur
812 1271 849 1338 in
870 1273 988 1340 rotulis
1003 1275 1210 1354 decimarum,
1236 1273 1369 1340 sublato

316 1380 337 1410 ‘⁴
360 1373 435 1440 odio
449 1375 504 1440 vel
518 1395 638 1456 amore,
661 1376 777 1463 pretio,
793 1375 848 1442 vel
870 1375 1021 1463 precibus
1045 1376 1193 1462 alicujus,
1209 1397 1248 1442 ea
1266 1376 1368 1462 juxta

315 1481 333 1512 “
356 1499 473 1542 verum
484 1478 629 1543 valorem
639 1477 784 1566 ipsorum
795 1479 927 1559 taxatis,
941 1479 1063 1545 dictam
1075 1479 1367 1559 deotmem,secun-

316 1587 334 1614 ‘⁶
357 1579 436 1645 dum
459 1580 665 1648 taxationem
680 1579 878 1667 hujusmodi,
894 1585 965 1646 tam
980 1601 1040 1668 pro
1064 1581 1171 1668 primo
1187 1601 1273 1647 anno
1294 1579 1367 1667 jam

315 1687 333 1715 “
355 1681 465 1768 elapso
479 1703 578 1768 quam
593 1705 653 1770 pro
668 1683 797 1750 duobus
811 1683 908 1749 annis
926 1683 1148 1770 sequentibus,
1159 1683 1261 1771 juxta
1274 1703 1367 1748 man·

315 1789 332 1819 “
355 1784 471 1850 datum
486 1791 638 1852 nostrum
653 1786 735 1852 alias
748 1786 844 1852 vobis
858 1787 991 1866 factum
1008 1787 1166 1870 levantes,
1183 1791 1219 1853 et
1232 1785 1368 1852 nomina

315 1891 333 1922 ‘⁶
356 1909 469 1953 eorum
499 1887 733 1955 beneficiorum
768 1889 928 1972 ordinate,
960 1911 1035 1955 cum
1061 1889 1287 1956 taxationibus
1311 1911 1368 1976 per

313 1993 332 2026 ‘⁸
355 2011 422 2068 nos,
439 1996 479 2056 ut
492 1991 718 2077 praemittitur,
735 1989 902 2072 faciendis,
919 1991 956 2056 in
974 1993 1100 2072 rotulis,
1117 1991 1235 2079 sigillis
1249 1991 1368 2057 vestris

315 2098 333 2127 “
356 2092 549 2177 patentibus
571 2091 782 2180 consignatis,
799 2094 895 2159 nobis
918 2092 1005 2158 inira
1027 2099 1100 2160 octo
1126 2095 1196 2159 dies
1210 2093 1365 2172 reddatis,

315 2201 333 2230 “
356 2193 475 2260 vestris
490 2195 682 2281 patentibus
704 2195 826 2261 litteris
850 2193 968 2261 harum
994 2201 1143 2262 tenorem
1167 2195 1367 2262 habentibus
1404 2203 1430 2250 1‘·
1439 2207 1483 2251 1⁸⁰·
1491 2207 1513 2251 b·

316 2301 333 2330 “
357 2295 515 2361 certiores.
563 2296 662 2376 Quod
677 2296 706 2362 si
721 2297 888 2383 praedicta,
905 2296 960 2363 vel
975 2317 1088 2363 eorum
1110 2295 1243 2384 aliquod
1257 2299 1366 2386 negle-

314 2405 332 2434 “
356 2398 481 2479 xeritis,
498 2397 701 2475 distuleritis,
712 2400 766 2464 vel
781 2397 958 2466 omiseritis
973 2397 1162 2486 adimplere,
1179 2405 1241 2466 aut
1251 2406 1367 2466 contra

313 2507 331 2534 ‘¹
354 2521 393 2565 ea
407 2498 550 2566 feceritis
565 2502 816 2586 quoquomodo,
833 2506 966 2583 extunc,
983 2507 1083 2589 prout
1107 2501 1363 2590 promulgamus,

313 2610 332 2637 ‘¹
356 2603 705 2668 excommunicationis
725 2604 926 2670 sententiam
952 2605 989 2670 in
1019 2603 1083 2670 hiis
1110 2605 1249 2693 scriptis,
1265 2626 1365 2691 quam

312 2711 329 2741 “
352 2726 486 2791 poenam
511 2727 570 2771 vos
596 2704 762 2772 incurrere
790 2707 944 2774 volumus
970 2707 1067 2774 ultra¹
1082 2706 1175 2774 illam
1197 2729 1298 2794 quam
1328 2708 1365 2773 in
1423 2789 1428 2799 Ι

312 2815 331 2844 “
353 2807 469 2895 diuino
479 2807 606 2894 judicio
626 2807 812 2889 incurretis,
836 2810 866 2874 si
886 2809 1031 2897 aliquem
1049 2811 1085 2876 in
1108 2811 1277 2899 praedictis
1290 2831 1365 2898 gra·

311 2911 512 2978 “voveritis
542 2911 598 2977 vel
627 2911 862 2991 revelaveritis,
895 2911 1075 2980 secundum
1113 2918 1260 2980 vestram
1289 2933 1365 2979 con-

311 3020 329 3048 “
352 3014 523 3080 scientiam
536 3015 646 3079 minus
657 3013 759 3101 juste.
792 3015 919 3081 Datum
936 3015 1126 3095 Londoniis,
1136 3037 1185 3082 xv
1196 3015 1366 3084 Kalendas

311 3121 330 3153 ‘⁴
353 3113 556 3200 Decembris,
583 3137 670 3184 anno
685 3115 822 3184 Domini
847 3137 945 3184 mccc
969 3115 1142 3185 secund0.’'

356 3317 492 3386 “Prior
524 3317 817 3401 westmonasterii,
850 3317 1048 3386 venerabilis
1081 3315 1530 3432 ριιιιε,1)οιιιιιιιιιιιιιιιιιιι

310 3427 328 3460 “
352 3421 513 3510 Episcopi,
552 3425 588 3488 et
622 3421 776 3510 Magistri
816 3419 1052 3489 Bartholomaei
1098 3421 1141 3487 de
1174 3421 1353 3488 Ferentino
1353 3435 1506 3534 ffmffl,

309 3531 328 3562 “
352 3523 535 3591 ι(ιιιιιοιιιοο
558 3523 812 3605 Londoniarum,
829 3523 1049 3591 collectorum
1064 3523 1233 3592 decimae'
1223 3545 1260 3588 m
1286 3524 1363 3589 sub·
1349 3537 1497 3632 ‘libidis

310 3627 471 3693 “sidium
514 3625 626 3694 Curiae
650 3625 810 3694 Romanae
840 3647 900 3714 per
940 3625 1192 3693 sanctissimum
1217 3624 1352 3692 Patrem
1352 3639 1523 3752 ,mm
1444 3643 1495 3684 ιιι

310 3727 532 3796 “Dominum
577 3727 794 3812 Bonifatium,
825 3727 952 3796 Divina
994 3727 1205 3818 providentia
1227 3727 1379 3817 Papam,
1352 3741 1492 3844 ’ffioe
1493 3793 1510 3836 l

309 3837 328 3870 “
351 3831 451 3914 VIII,
482 3829 654 3920 impositae,
696 3831 954 3911 Commissamus,
995 3831 1134 3899 discreto
1169 3830 1250 3911 viro,
1283 3829 1408 3896 Οιι-ιι
1349 3841 1442 3935 -qchio
1423 3846 1490 3936 “1331

309 3941 328 3972 “
350 3933 426 4000 ciali
455 3935 592 4001 Domini
614 3933 848 4001 Archidiaconi
882 3932 1140 4015 Londoniarum,
1164 3933 1251 4001 salut
1236 3939 1304 4001 tem
1327 3933 1415 3999 insen
1399 3943 1461 3988 nens

309 4045 327 4073 “
350 4036 501 4104 Domino.
563 4035 761 4104 Mandatum
799 4037 962 4104 dIctorum
1005 4037 1235 4119 Dominorum,
1274 4035 1363 4123 quod

308 4147 326 4177 “
348 4139 443 4206 vobis
473 4139 561 4207 mitt
537 4145 638 4207 trmus
668 4139 916 4228 inspiciendum,
953 4139 1114 4228 nobisque
1144 4161 1202 4229 per
1223 4139 1362 4206 latorem

307 4251 326 4281 “
348 4243 561 4331 praesentium
571 4243 660 4310 illico
669 4247 704 4310 et
712 4242 857 4310 fideliter
866 4243 1115 4325 remittendum,
1126 4263 1175 4308 xv
1187 4239 1361 4308 Kalendas

308 4355 326 4384 “
349 4345 502 4414 danuarii
530 4345 734 4434 recepimus;
757 4347 846 4432 quod
861 4345 994 4432 quidem
1018 4345 1213 4411 mandatum
1235 4346 1271 4411 in
1286 4365 1362 4432 pro-

308 4455 327 4486 “
348 4449 421 4537 pria
434 4471 580 4537 persona,
598 4447 790 4515 collectione
812 4447 911 4514 dictae
937 4445 1072 4514 decimae
1095 4451 1130 4513 ct
1152 4446 1227 4513 aliis
1253 4449 1360 4514 causis

306 4559 326 4590 ‘⁸
347 4551 429 4641 legit
414 4553 506 4619 timis
534 4547 733 4640 praepeditis,
762 4549 881 4638 exequi
905 4569 973 4615 non
1002 4569 1174 4637 possumus
1203 4553 1244 4616 ut
1270 4547 1359 4616 rale-

307 4763 354 4772 -u-
371 4759 442 4768 ann-u·-
444 4757 538 4766 -ι-..ιιιμι
586 4757 644 4764 ..ι-ι.-
660 4757 811 4764 ..-.-..-.

695 4828 839 4896 Properly
854 4827 981 4892 Genesim
