3648 5816
635 906 745 960 runnu
767 909 811 960 or
834 909 1020 960 oonrnurs.
1306 895 1350 962 53

344 1095 435 1160 XVI.
461 1094 513 1160 De
537 1092 687 1162 Monerio
713 1094 755 1160 de
784 1093 967 1162 Ieueelrem
993 1093 1182 1182 pertinente
1203 1094 1248 1160 ed
1272 1117 1350 1162 eun·

300 1201 375 1266 dem
396 1205 539 1288 pentorn

345 1307 456 1375 XVII.
480 1307 533 1373 De
548 1307 655 1373 Domo
678 1327 752 1392 quae
774 1309 912 1373 voeetur
935 1305 983 1372 ‘le
998 1305 1124 1386 Hatee,’
1146 1307 1190 1373 ad
1212 1306 1353 1374 eundem

300 1414 486 1577 speXlllllll.
509 1511 561 1577 De
577 1509 794 1578 Ordinatione
816 1511 857 1577 de
880 1509 917 1576 tu
930 1508 969 1575 N
967 1531 1031 1577 euve
1045 1511 1157 1598 Feyre.

346 1613 439 1680 XIX.
462 1614 514 1679 De
538 1613 711 1699 Stipendio
735 1613 855 1680 Clerici
878 1611 1039 1700 Capitulis
1054 1613 1302 1681 Vioeeomitum.

347 1715 422 1781 XX
445 1716 497 1782 De
513 1715 688 1802 Stipendio
703 1715 905 1782 secundarii

346 1817 440 1886 XXI.
463 1819 515 1885 De
525 1818 698 1906 Stipendio
718 1820 858 1886 duorum
870 1819 1095 1887 servientium
1108 1819 1352 1887 Vioeoomitum.

304 2135 469 2224 Copitulo
506 2133 785 2204 Oudtrtott'ouusot
814 2131 995 2224 foetorum
1027 2135 1068 2202 de
1101 2135 1351 2225 opponunt,

516 2237 769 2319 Coeotouturte'e,
794 2245 825 2308 et
855 2239 940 2306 ultio
966 2239 1153 2326 ummo.

348 2443 373 2508 Ι.
391 2444 442 2509 De
452 2439 919 2530 StipendioCerpenturiorum
927 2444 995 2524 eto,
1005 2464 1064 2530 per
1072 2442 1179 2510 dietus
1190 2443 1355 2531 capiendo.

347 2545 393 2610 11.
418 2547 470 2612 De
493 2546 668 2633 Stipendio
684 2545 907 2612 Paviutorum.

347 2647 412 2714 111.
437 2647 490 2714 De
514 2647 688 2735 Stipendio
711 2647 980 2714 Caretteriorum.

346 2750 433 2869 llll.
449 2751 501 2817 De
511 2751 723 2818 Seoremento
738 2751 1040 2832 Ceementeriorum,
1050 2752 1094 2818 ad
1105 2753 1355 2820 custodiendum

302 2853 461 3023 Ofllmullll
484 2955 697 3024 Seuemento
721 2951 1013 3044 Carpenturiorum
1035 2957 1079 3023 nd
1101 2959 1197 3025 idem.

459 3261 625 3352 rapoto
647 3259 691 3330 ee
709 3259 883 3330 neuun
906 3260 1196 3350 emturum.

347 3467 374 3534 I.
399 3467 450 3533 De
472 3489 512 3534 eo
534 3465 622 3554 quod
651 3466 744 3534 nullu
767 3465 903 3557 Capella
932 3468 1017 3532 fiunt
1039 3465 1080 3532 de
1103 3461 1354 3550 relinquemdo

303 3571 377 3636 Boli
400 3571 501 3636 Luna.

348 3674 394 3739 II.
418 3673 471 3739 De
494 3671 644 3760 eoquod
667 3671 773 3738 Vetus
797 3670 968 3758 Capellum
995 3670 1147 3757 tingetur
1169 3667 1206 3734 in
1228 3668 1343 3756 Nigro.

348 3776 414 3842 III.
438 3776 490 3842 De
506 3775 650 3863 Capellie
673 3775 769 3841 fectis
792 3775 833 3840 de
848 3775 938 3840 Alba
963 3771 1033 3840 sive
1057 3772 1157 3838 Crisa
1172 3771 1265 3838 Luna
1286 3791 1354 3836 non

301 3882 470 3971 tingendis
491 3883 528 3948 in
550 3882 665 3970 Nigro.

347 3985 434 4052 IIII.
459 3985 510 4051 De
532 4007 571 4051 eo
594 3983 683 4070 quod
705 3984 816 4050 nullus
839 4006 953 4051 eorum
976 3985 1129 4072 operetur
1150 3981 1192 4049 de
1214 3981 1330 4048 Noetu

345 4087 384 4153 V.
409 4089 460 4153 De
490 4087 640 4174 eoquod
669 4087 747 4153 licet
776 4085 967 4153 hominibus
996 4084 1148 4173 praedicti
1172 4083 1280 4151 Officii
1302 4089 1352 4151 ut·

301 4189 445 4256 tectiore
473 4189 571 4256 Pelea
594 4189 729 4276 Capella
752 4189 938 4257 venditioni
960 4189 1150 4267 deferentes,
1182 4207 1250 4254 una
1279 4209 1353 4254 oum

219 4335 222 4340 -
300 4293 396 4359 rebus
418 4293 493 4359 ouis.

346 4394 407 4462 VI.
431 4395 483 4461 De
498 4393 728 4462 Servientibus
750 4391 897 4480 ejusdem
913 4392 1020 4459 Officii
1042 4413 1111 4458 non
1132 4389 1334 4479 recipiendis.

344 4497 423 4564 VII.
448 4497 500 4564 Do
516 4495 717 4574 Nominibus
732 4497 921 4564 Electorum
937 4497 980 4562 ad
996 4495 1164 4562 Articulos
1178 4496 1351 4582 praediotos

300 4601 557 4668 custodiendum.
1007 4623 1010 4630 ·

344 4703 443 4768 VIII.
468 4703 519 4769 De
542 4703 684 4789 eoquod
698 4702 809 4768 nullus
832 4719 944 4769 eorum
967 4705 1121 4788 operetur
1135 4723 1209 4768 euru
1225 4702 1349 4769 Culoea.

344 4798 403 4872 IX
428 4803 479 4873 De
502 4827 540 4872 eo
563 4803 653 4892 quod
675 4805 777 4872 iidem
800 4827 868 4872 non
890 4809 1068 4892 operentur
1090 4823 1165 4872 curn
1188 4805 1327 4871 Flolroie
