3600 5822
452 843 518 914 272
789 857 891 907 arasa
914 855 1157 909 cusrunanuu.
1300 843 1454 931 [ltanw.
1467 861 1506 914 11.

453 1065 473 1094 “
495 1058 733 1137 committatur,
769 1059 812 1124 ab
851 1058 954 1124 officio
985 1059 1043 1124 illo
1084 1064 1288 1138 amoveatur,
1332 1063 1368 1126 et
1403 1060 1505 1147 juxta

453 1168 471 1198 “
495 1161 566 1247 ejus
580 1161 741 1227 demerita
755 1161 924 1249 puniatur.
964 1161 1009 1228 Et
1033 1162 1121 1248 quod
1144 1167 1348 1240 mercatores,
1364 1163 1420 1248 qni
1437 1185 1505 1230 non

454 1272 471 1299 “
494 1269 574 1329 sunt
601 1263 642 1329 de
672 1263 827 1330 libertate
847 1263 995 1330 civitatis
1021 1264 1199 1350 praedicta,
1216 1265 1328 1351 aliqua
1342 1265 1424 1332 vina
1446 1287 1504 1332 seu

451 1373 471 1403 “
493 1366 560 1430 alia
582 1365 792 1432 mercimonia
807 1365 894 1430 intra
907 1364 1045 1431 eandem
1061 1366 1241 1445 civitatem,
1257 1387 1315 1432 scu
1337 1366 1504 1433 suburbiis

453 1476 471 1504 “
493 1466 648 1553 ejusdem,
663 1467 707 1532 ad
722 1467 885 1533 retalliam
901 1489 969 1532 non
985 1467 1141 1534 vendant.
1181 1468 1227 1534 Et
1243 1469 1333 1556 quod
1348 1469 1504 1536 abbrcca·

451 1576 581 1638 “tores
607 1571 792 1658 aliquarum
818 1570 1095 1636 mercandisarum
1119 1571 1155 1636 in
1186 1571 1321 1636 civitate
1346 1571 1505 1657 praedicta

451 1674 670 1741 “decaetero
693 1694 762 1738 non
788 1672 946 1752 existant,
961 1671 1026 1738 nisi
1048 1694 1107 1759 per
1132 1677 1325 1739 mercatores
1351 1675 1392 1741 de
1421 1695 1504 1740 mes·

453 1777 575 1852 “teris
603 1775 782 1864 inquibus
813 1775 877 1862 ipsi
904 1775 1111 1841 abrccatores
1141 1775 1288 1841 habeant
1317 1773 1424 1840 officia
1444 1797 1505 1842 sua

404 1881 407 1890 '
452 1887 470 1914 “
493 1900 642 1946 exercere
665 1877 792 1944 adhoc
823 1876 918 1942 electi
941 1877 1081 1956 tuerint,
1105 1880 1141 1943 et
1175 1899 1273 1964 super
1303 1878 1364 1943 hoo
1385 1877 1502 1944 saltem

453 1987 471 2017 “
493 2003 603 2048 coram
627 1979 753 2066 Majore
788 1979 935 2046 civitatis
969 1979 1135 2066 praedictae
1165 1980 1382 2066 prestiterunt
1412 1979 1503 2065 jura-

452 2093 472 2120 “
494 2089 655 2150 mentum.
690 2083 736 2148 Et
758 2081 847 2167 quod
869 2102 1058 2148 communes
1079 2081 1299 2168 hospitatores
1315 2082 1352 2146 in
1366 2082 1502 2148 civitate

452 2192 470 2223 “
492 2185 650 2274 praedicta
671 2190 706 2251 et
728 2182 893 2250 suburbiis
921 2183 1077 2270 ejusdcm,
1100 2185 1253 2270 quamvis
1282 2206 1348 2250 non
1371 2185 1440 2250 sint
1462 2185 1502 2250 de

451 2295 470 2326 “
493 2289 647 2355 libertate
678 2285 826 2354 civitatis
860 2285 958 2365 illius,
990 2285 1059 2350 sint
1081 2285 1257 2373 participes
1278 2307 1414 2352 onerum
1437 2287 1503 2353 dic-

452 2401 469 2426 “
492 2396 563 2457 tam
585 2389 764 2470 civitatem,
787 2409 847 2475 pro
869 2392 961 2454 statu
983 2387 1128 2473 ejusdem
1152 2388 1404 2468 manutenendo,
1429 2410 1503 2455 oon·

451 2501 468 2528 “
492 2493 705 2580 tingentium,
730 2489 888 2577 quamdiu
914 2489 961 2555 sic
992 2489 1117 2556 fuerint
1147 2511 1334 2557 communes
1357 2491 1503 2578 hospita·

450 2601 470 2632 “
493 2600 588 2672 tores,
612 2593 697 2659 sicut
723 2593 833 2659 crateri
858 2590 1045 2676 hujusmodi
1068 2592 1286 2679 hospitatores
1309 2593 1345 2658 in
1367 2593 1502 2659 civitate

452 2705 470 2732 “
494 2701 529 2762 et
542 2695 708 2761 suburbiis
730 2694 905 2780 praedictis,
921 2694 1050 2760 ratione
1073 2693 1338 2781 hospitalitatum
1361 2695 1499 2775 illarum,

451 2805 471 2838 ‘¹
494 2797 761 2886 participabunt3
803 2795 894 2862 salvo
931 2817 1066 2882 semper,
1102 2797 1192 2882 quod
1234 2802 1429 2864 mercatores
1461 2797 1501 2863 de

451 2909 471 2938 “
494 2899 657 2966 Vasconis
678 2902 714 2964 et
743 2897 801 2962 alii
823 2897 1013 2985 alienigenas
1044 2898 1080 2962 in
1110 2897 1201 2964 dicta
1227 2897 1364 2964 civitate
1386 2899 1430 2965 ad
1452 2899 1503 2964 in·

452 3008 470 3039 “
493 3003 599 3068 vicem
631 3000 781 3066 habitere
829 3006 865 3065 et
907 2999 1074 3086 hospitare
1113 3000 1249 3086 possint,
1286 3005 1386 3087 prout
1425 3001 1500 3066 hac-

451 3115 470 3143 “
493 3110 589 3172 tenus
610 3103 715 3168 facere
735 3112 985 3168 consueverunt
1033 3101 1079 3166 Et
1102 3102 1190 3188 quod
1213 3103 1363 3168 custodia
1385 3102 1501 3169 Pontis

451 3217 469 3244 “
491 3207 638 3275 civitatis
660 3204 835 3293 praedictae,
851 3208 887 3269 et
908 3203 1059 3270 redditus
1081 3209 1116 3269 et
1137 3205 1281 3291 proficua
1303 3205 1346 3270 ad
1362 3203 1501 3271 Pontem

451 3321 469 3348 “
491 3312 583 3376 illum
601 3307 814 3397 pertinentia,
825 3306 952 3372 duobus
968 3305 1078 3392 probis
1094 3311 1129 3372 et
1143 3305 1383 3372 sufficientibus
1397 3307 1501 3373 homi·

451 3423 470 3450 “
492 3413 591 3478 nibus
614 3411 654 3477 de
677 3411 814 3475 civitate
837 3408 1004 3495 praediota,
1035 3407 1111 3472 aliis
1132 3429 1232 3494 quam
1255 3407 1498 3488 Aldermannis‚

450 3523 469 3554 “
492 3516 536 3581 ad
559 3513 620 3579 hoo
650 3534 708 3599 per
739 3510 1011 3577 communitatem
1042 3509 1189 3576 civitatis
1210 3509 1300 3576 illius
1329 3511 1501 3598 eligendis,

452 3627 470 3654 “
492 3617 535 3683 sd
568 3614 777 3682 voluntatem
811 3610 957 3699 ejusdcm
991 3611 1239 3678 communitatis
1276 3612 1498 3692 custodienda,

451 3729 469 3757 “
491 3725 526 3785 et
573 3717 630 3805 qui
666 3716 772 3781 eidem
813 3713 1043 3780 communitati
1085 3713 1164 3779 inde
1205 3714 1431 3801 respondeant,
1465 3721 1500 3780 et

452 3831 470 3858 “
492 3843 559 3887 non
592 3819 678 3897 aliis,
702 3817 961 3884 committantur.
1024 3815 1070 3880 Et
1092 3815 1181 3900 quod
1212 3815 1324 3882 nullus
1355 3817 1500 3882 serviens

451 3933 469 3962 “
492 3921 677 4009 Guyhaldae
700 3919 847 3986 civitatis
868 3917 1035 4005 praedictae
1064 3918 1174 4004 capiat
1194 3916 1327 3984 feodum
1350 3918 1499 3984 decom·

449 4023 655 4092 “munitate
681 4021 837 4102 civitatis,
860 4025 920 4087 aut
942 4019 1170 4085 executionem
1193 4019 1302 4102 meiat,
1325 4020 1391 4086 nisi
1413 4042 1499 4087 unus

449 4138 469 4169 “
491 4151 550 4218 per
575 4123 846 4192 communitatem
868 4121 1014 4188 civitatis
1036 4121 1203 4209 praedictae
1226 4121 1270 4188 ad
1292 4122 1354 4188 hoc
1368 4122 1497 4189 electus.

449 4231 537 4298 “Et
566 4227 655 4316 quod
685 4224 903 4304 Camerarius,
929 4223 1121 4290 Communis
1154 4223 1309 4303 Clericus,
1337 4228 1371 4290 et
1402 4224 1499 4291 Com-

449 4343 468 4373 “
490 4331 602 4400 munis
617 4329 771 4396 Serviens
786 4326 936 4393 civitatis
958 4325 1135 4413 praedictus,
1152 4348 1211 4413 per
1225 4326 1496 4392 communitatem

449 4446 467 4474 “
490 4433 637 4502 civitatis
659 4431 805 4517 ejusdem
827 4428 1004 4515 eligantur,
1018 4433 1054 4493 et
1077 4433 1294 4494 amoveantur
1308 4451 1367 4515 pro
1382 4429 1500 4495 volun·

449 4548 467 4577 “
489 4543 561 4606 tate
583 4533 728 4621 ejusdem
758 4529 1013 4598 communitatis.
1059 4529 1106 4594 Et
1127 4529 1216 4616 quod
1239 4531 1348 4618 Major
1377 4536 1412 4596 et
1434 4531 1497 4596 Re-

448 4647 467 4680 “
490 4639 640 4728 cordator
670 4635 816 4702 civitatis
847 4633 1022 4721 praedictus,
1054 4653 1092 4698 ac
1112 4633 1262 4719 praedicti
1293 4633 1499 4701 Camerarius

449 4753 466 4784 “
488 4747 525 4809 et
546 4737 739 4807 Communis
770 4735 923 4817 Clericus,
947 4733 1051 4804 feodis
1072 4735 1152 4817 suis,
1167 4735 1296 4804 ratione
1318 4734 1496 4802 officiorum
