3624 5824
314 863 479 952 9uuw.1.]
518 877 736 929 connuonon
751 878 795 926 or
810 873 959 926 suarum
974 875 1018 924 or
1033 872 1260 924 enouousrna
1294 858 1359 924 169

314 1153 469 1238 Quidam
490 1149 674 1218 Artieulue
693 1147 826 1218 senate·
856 1170 969 1236 isuper·
998 1146 1096 1234 opttd
1117 1143 1364 1214 oenomaum
1406 1165 1501 1212 noea

401 1255 496 1334 editi,
521 1261 684 1320 correctus
699 1275 739 1320 ao
763 1251 891 1318 missus
907 1249 1038 1336 Majori
1053 1257 1082 1316 et
1103 1248 1363 1318 Vioeeomita'bue

402 1357 679 1436 Lortdoniorum,
710 1355 754 1421 ia
783 1353 937 1442 quadum
973 1351 1151 1431 debedat—tn,
1183 1351 1226 1420 ia
1261 1351 1364 1418 Brevi

403 1459 550 1527 Domini
575 1457 678 1544 Reya'e
709 1456 1010 1524 ittoiaen-Aureo
1043 1454 1143 1541 requi
1169 1453 1272 1542 Reyie
1294 1453 1364 1522 ud

404 1561 525 1642 roardi,
542 1560 622 1647 fita·
644 1559 749 1646 Reye'e
771 1559 928 1639 Hauriat,
953 1579 1055 1626 nouo.

361 1997 409 2064 De
419 1996 612 2064 Foriaeeoa'e
626 1994 752 2064 voeatis
768 1993 816 2062 ud
838 1995 1043 2064 Wuruaetum
1064 1994 1108 2062 ia
1122 1995 1325 2062 Loradoaiie.

361 2201 619 2279 Memorandum,
637 2199 724 2287 quod
749 2204 827 2264 ante
844 2198 1018 2265 Statutum
1035 2199 1256 2279 Glouoestriae,
1275 2199 1364 2287 quod
1377 2233 1486 2278 amnne.

315 2303 449 2390 queem
476 2303 651 2369 saeuam
682 2302 806 2367 farum
838 2301 904 2368 fua
936 2323 1024 2367 enno
1057 2302 1151 2388 regni
1174 2301 1273 2388 nege
1296 2285 1527 2388 namt}

316 2407 429 2485 wardi,
452 2407 514 2472 filii
538 2406 638 2493 Regis
662 2404 810 2484 Henrioi,
835 2408 939 2482 sexte,
963 2404 1041 2470 talis
1068 2409 1139 2470 erat
1161 2387 1515 2481 eonsuetudoiifflih'ss

316 2511 352 2576 in
364 2508 895 2598 civitateLondoniarum—quod
910 2528 984 2574 oum
995 2507 1124 2594 uliquis,
1139 2507 1365 2594 implacitatus
1377 2487 1520 2590 1111111111,

316 2613 353 2678 in
375 2610 550 2698 Hustengo
575 2610 827 2689 Londonierum,
854 2614 989 2676 voearet
1014 2609 1209 2676 forinsecum
1232 2610 1275 2675 sd
1296 2588 1499 2682 weibiiiiir

317 2719 460 2794 rantum,
496 2712 605 2800 Major
639 2718 674 2782 et
697 2713 914 2780 vicecomites
937 2712 1150 2800 adjornarent
1180 2718 1290 2801 partes
1311 2687 1494 2783 (ιο-111111Ι

316 2839 387 2884 ram
413 2816 616 2884 Justieieriis
646 2815 783 2882 Domini
815 2815 924 2904 Regis,
948 2815 1101 2903 proximo
1126 2815 1366 2883 itinerantibus
1378 2790 1537 2937 Quid?

317 2921 406 3008 apud
428 2919 560 2985 Turrim
582 2919 838 2998 Londoniarum,
855 2924 896 2984 ut
918 2923 999 2986 tune
1021 2919 1144 2985 ibidem
1166 2920 1261 2986 fieret
1276 2919 1365 3007 quod
1378 2904 1494 2990 nna?

317 3023 451 3110 dejure
473 3027 508 3088 et
530 3021 710 3088 seeundum
745 3021 1016 3088 consuetudinem
1042 3021 1191 3088 civitatis
1211 3022 1297 3089 foret
1318 3022 1367 3088 fa

317 3126 477 3206 ciendum,
502 3130 563 3192 eto.
608 3125 654 3192 Et
676 3125 755 3213 quia
777 3125 898 3213 saepius
921 3130 1001 3190 tune
1023 3124 1173 3212 contigit,
1190 3126 1278 3211 quod
1292 3126 1369 3190 Jus-

318 3228 440 3293 tieiarii
470 3227 667 3294 itinerantes
696 3247 902 3316 permagna
934 3231 1120 3314 temporum
1152 3228 1259 3314 spatia
1281 3227 1370 3314 apud

318 3330 458 3411 Turrim,
483 3331 526 3396 sd
547 3331 669 3418 plaeita
702 3331 826 3397 ibidem
857 3330 1008 3410 tenenda,
1032 3351 1100 3396 non
1122 3330 1287 3410 sedebant,
1310 3353 1369 3418 per

319 3434 408 3521 quod
440 3433 550 3521 plures
594 3456 652 3522 per
694 3434 758 3500 hoe
800 3432 990 3519 frequenter
1022 3436 1118 3498 erant
1154 3433 1366 3514 exhaeredati,

318 3537 487 3624 petierunt
510 3537 597 3603 cives
620 3535 765 3603 Domino
781 3535 867 3624 Regi
897 3536 940 3602 de
970 3535 1114 3601 remedio
1137 3535 1202 3601 sibi
1224 3557 1367 3625 congruo

303 3639 356 3712 ,in
393 3639 456 3708 hae
489 3645 586 3726 parte
623 3639 799 3728 provideri
858 3638 916 3704 Ad
952 3659 1092 3724 quorum
1125 3640 1297 3725 rogamina
1334 3644 1369 3706 et

317 3743 586 3829 prosecutionem,
622 3743 814 3808 ordinatum
847 3739 915 3810 fuit
948 3763 1008 3829 per
1030 3741 1213 3808 Dominum
1245 3742 1368 3830 Regem

318 3851 354 3911 et
376 3845 558 3912 Consilium
589 3867 695 3924 suum,
719 3845 811 3911 etin
835 3843 970 3912 Statuto
999 3843 1157 3932 praedicto
1190 3845 1367 3933 provisum,

319 3948 407 4036 quod
430 3971 505 4014 oum
537 3948 665 4034 aliquis,
702 3947 928 4035 impleoitetus
959 3946 997 4012 in
1020 3946 1196 4036 Hustengo
1223 3948 1370 4014 civitatis

319 4052 494 4138 praedictae,
525 4057 661 4118 voearet
690 4049 890 4117 forinsecum
922 4051 966 4116 ad
997 4056 1193 4132 warantum,
1216 4058 1258 4118 ut
1287 4073 1371 4140 prae-

320 4153 448 4219 dietum
478 4157 536 4232 est,
561 4154 649 4240 quod
681 4153 819 4220 haberet
840 4155 941 4220 breve
963 4153 1004 4220 de
1036 4151 1248 4236 cancellaria,
1277 4155 1370 4221 Vioe·

320 4257 434 4323 oomiti
457 4255 645 4324 Comitatus
666 4256 758 4322 illius
776 4257 895 4344 inquo
920 4256 968 4323 sio
989 4261 1128 4323 voeatus
1146 4261 1254 4324 terras
1270 4257 1370 4325 habe-

318 4363 377 4438 ret,
402 4357 446 4426 ad
464 4359 752 4426 summoniendum
767 4381 844 4426 eum
859 4381 969 4426 coram
984 4358 1009 4425 J
1009 4359 1187 4426 usticiariis
1202 4359 1243 4427 de
1257 4359 1369 4427 Banco

318 4461 362 4528 ed
391 4469 519 4530 eertum
550 4461 662 4545 diem3
698 4468 734 4530 et
767 4461 857 4528 aliud
888 4461 989 4529 breve
1012 4460 1133 4549 Majori
1163 4467 1200 4529 et
1232 4462 1371 4530 Ballivis

319 4563 574 4647 Londonierum,
599 4565 689 4653 quod
721 4564 842 4654 placito
875 4564 926 4630 1111
947 4565 1198 4652 supersederent
1219 4565 1256 4632 in
1279 4567 1371 4634 Hus-

319 4671 427 4756 tengo,
445 4667 550 4734 donec
564 4669 724 4756 placitum
745 4668 919 4736 warentias
933 4667 1171 4734 terminaretur
1187 4667 1224 4734 in
1239 4668 1371 4751 Benoo;

319 4773 355 4836 et
377 4771 466 4857 quod
488 4767 629 4839 ulterius
650 4771 747 4839 fieret
770 4769 950 4839 seeundum
973 4772 1062 4860 quod
1083 4769 1121 4838 in
1143 4771 1282 4844 Statuto
1303 4775 1372 4863 ple·
