3600 5822
310 878 353 941 52
369 888 451 939 nun.
467 871 535 960 111,]
560 886 721 937 cnlnunn
735 885 777 936 το
792 885 863 936 nun
877 885 1035 937 cluunns
1051 885 1094 934 os
1110 884 1259 935 noanon.
1295 871 1360 934 253

309 1083 328 1114 “
350 1076 474 1142 malum
497 1079 532 1143 et
553 1075 690 1143 alterius
712 1081 801 1142 retro
823 1076 956 1156 malum,
980 1097 1039 1164 per
1062 1097 1111 1140 xx
1137 1073 1259 1142 solidos
1280 1073 1360 1163 ¹pro

309 1187 327 1214 ‘¹
350 1179 439 1246 dolio
453 1179 636 1260 solvendos,
646 1179 682 1244 in
697 1177 802 1245 forma
817 1200 883 1265 qua
897 1199 958 1245 nos
973 1183 1008 1244 et
1022 1183 1241 1244 antecessores
1255 1179 1360 1245 nostri

309 1286 328 1318 “
350 1281 541 1369 hujusmodi
563 1282 668 1368 prisce
694 1281 816 1347 babere
840 1281 1078 1348 consuevimus
1125 1281 1214 1346 Etsi
1236 1281 1310 1367 quis
1324 1282 1361 1345 in

311 1391 328 1420 “
351 1384 463 1471 aliqua
477 1389 640 1450 terrarum
655 1389 850 1463 nostrarum,
864 1385 947 1450 citra
961 1405 1051 1450 mare
1060 1383 1115 1450 vel
1125 1383 1223 1461 ultra,
1240 1385 1311 1450 sivo
1325 1384 1361 1448 in

311 1492 328 1522 “
352 1486 514 1573 portubus
530 1486 638 1565 maris,
654 1485 739 1552 citra
760 1507 851 1552 mare
866 1485 921 1552 vel
943 1486 1040 1566 ultra,
1057 1491 1172 1552 contra
1186 1485 1271 1552 hane
1286 1507 1363 1552 eon·

310 1595 331 1630 “
353 1590 538 1668 cessionem,
555 1588 760 1655 theolonium
775 1590 830 1656 vel
855 1589 1000 1675 aliquam
1028 1589 1127 1654 aliam
1154 1589 1362 1656 consuetudi-

264 1771 274 1784 ἱ
313 1699 331 1728 “
353 1713 431 1758 nem
446 1691 489 1757 ab
504 1692 695 1757 hominibus
713 1690 957 1757 Londoniarum
974 1691 1104 1779 ceperit,
1121 1697 1262 1780 excepta
1275 1693 1364 1780 prise

311 1799 330 1831 “
352 1793 519 1881 praedicte,
536 1798 711 1880 postquam
734 1793 804 1881 ipse
826 1815 848 1859 a
869 1799 958 1860 recto
974 1792 1364 1875 defeeexitVicecomites

312 1904 331 1932 “
356 1896 600 1963 Londoniarum
622 1896 770 1962 namium
799 1895 879 1962 inde
901 1895 1035 1982 capiant
1058 1897 1147 1984 apud
1168 1896 1363 1964 Londonias.

313 2007 331 2034 “
355 1997 579 2064 concessimus
611 1997 713 2064 etiam
745 1996 878 2080 eisdem,
911 1998 1000 2085 quod
1031 1999 1068 2064 in
1101 2000 1239 2087 singulis
1265 2001 1365 2088 septi-

314 2109 332 2137 “
355 2101 462 2166 manis
484 2105 638 2167 teneatur
661 2099 884 2187 Hustengum,
909 2100 1010 2168 semel
1032 2101 1068 2167 in
1091 2103 1306 2185 hebdomada,
1329 2109 1364 2171 et

314 2211 332 2239 ‘¹
354 2203 415 2268 hoc
436 2203 669 2269 tantummodo
692 2224 751 2290 per
772 2223 875 2268 unum
900 2203 987 2270 diem
1001 2227 1010 2285 ;
1033 2203 1082 2270 ita
1097 2210 1217 2286 tamen,
1234 2211 1274 2274 ut
1289 2227 1365 2293 quae

315 2312 333 2341 “
355 2306 413 2371 illo
437 2305 490 2370 die
512 2304 685 2370 terminari
700 2326 768 2371 non
790 2309 949 2392 poterunt
971 2307 1206 2374 continuentur
1222 2309 1258 2374 in
1280 2331 1364 2375 cros·

315 2413 332 2443 “
355 2408 474 2488 tinum,
490 2411 526 2472 et
539 2427 608 2472 non
622 2406 718 2474 ultra
766 2407 812 2473 Et
827 2407 916 2494 quod
931 2407 971 2474 de
987 2409 1083 2474 tonis
1098 2410 1165 2476 suis
1180 2416 1215 2477 et
1229 2411 1364 2492 tenutis,

315 2516 333 2547 “
355 2508 442 2575 infra
474 2508 646 2576 civitatem
684 2509 797 2597 ipsam,
830 2514 955 2576 rectum
994 2511 1040 2577 eis
1071 2516 1224 2579 teneatur
1253 2535 1367 2580 secun·

315 2611 437 2678 “dum
467 2611 737 2679 consuetudinem
775 2610 922 2679 civitatis
959 2612 1126 2701 ejusdem
1164 2616 1214 2681 ita
1243 2620 1366 2696 tamen,

316 2722 334 2751 “
357 2715 444 2801 quod
460 2721 530 2781 tam
545 2713 697 2781 forinseci
713 2736 813 2803 quam
828 2714 885 2781 alii
908 2719 1094 2784 attornatos
1108 2717 1214 2784 lacere
1229 2719 1365 2806 possint,

316 2825 333 2854 “
355 2821 427 2882 tam
451 2817 580 2905 agendo
607 2838 706 2903 quam
737 2815 952 2898 defendendo,
980 2819 1066 2886 sicut
1096 2821 1176 2887 alibi
1205 2822 1242 2886 in
1267 2821 1368 2889 Curia

315 2927 333 2956 “
355 2924 474 2986 nostra
520 2918 566 2986 Et
581 2919 669 3006 quod
684 2918 782 3006 [non]
804 2919 1051 2988 occasionentur
1070 2929 1206 3011 propter
1220 2924 1367 2990 Misken·

317 3031 335 3059 “
356 3044 504 3110 nyngam
527 3021 563 3086 in
595 3022 662 3087 suis
696 3022 857 3107 loquelis;
892 3023 1055 3105 videlicet,
1082 3027 1111 3091 si
1144 3048 1211 3092 non
1234 3029 1368 3093 omnino

316 3130 335 3161 “
357 3125 440 3190 bene
465 3123 680 3190 narraverint
726 3123 772 3190 Et
796 3126 885 3211 quod
908 3125 950 3192 de
974 3127 1127 3193 omnibus
1153 3128 1273 3194 debitis
1299 3131 1368 3195 suis

316 3234 335 3262 “
358 3247 432 3312 quae
466 3224 711 3292 accommodata
747 3225 874 3293 fuerint
910 3229 999 3316 apud
1036 3228 1233 3311 Londonias,
1263 3236 1298 3297 et
1327 3230 1368 3296 de

317 3335 336 3364 “
358 3325 555 3394 vadimoniis
578 3326 643 3392 sibi
656 3324 780 3393 ibidem
794 3327 899 3408 fectis,
915 3330 1039 3417 placila
1053 3330 1176 3397 ibidem
1191 3335 1369 3399 teneantur

317 3437 336 3467 “
358 3429 537 3496 secundum
562 3429 834 3496 consuetudinem
854 3430 982 3518 justam
1007 3438 1042 3500 et
1068 3437 1264 3500 consuetam.
1312 3434 1369 3500 In-

317 3541 336 3568 “
358 3554 457 3618 super
473 3531 582 3610 etiam,
598 3531 643 3596 ad
658 3531 922 3600 emendationem
940 3535 1088 3601 civitatis
1103 3536 1277 3622 praedicta,
1294 3557 1370 3602 oon-

319 3641 336 3671 “
358 3635 503 3702 cedimus
518 3633 608 3720 quod
633 3655 746 3700 omnes
772 3635 840 3701 sint
863 3637 968 3722 quieti
992 3637 1033 3703 de
1055 3637 1255 3724 (lhildwyte,
1279 3640 1369 3705 etde

318 3741 337 3773 “
359 3731 555 3904 {eresgyva
571 3741 606 3801 et
629 3735 670 3800 de
694 3735 833 3817 Scotale,
858 3737 907 3804 ita
929 3738 1017 3825 quod
1033 3739 1247 3806 vicecomites
1264 3742 1370 3807 nostri

318 3847 337 3874 “
389 3838 615 3918 ondoniarum,
642 3838 696 3904 vel
721 3838 842 3924 aliquis
866 3840 951 3906 alius
974 3841 1126 3922 ballivus,
1151 3841 1279 3908 Sootale
1303 3864 1370 3908 non

318 3945 337 3977 “
359 3939 490 4006 iaciant
536 3938 583 4004 Et
609 3937 697 4025 quod
724 3940 806 4006 dicti
832 3942 919 4008 cives
943 3947 1049 4008 terras
1073 3965 1148 4009 suae
1170 3949 1205 4010 et
1225 3949 1368 4025 tenuras,

319 4050 337 4077 “
360 4041 415 4106 vel
440 4040 638 4122 vadimonia,
666 4039 757 4127 juste
786 4042 932 4110 babeant
965 4050 1000 4111 et
1030 4049 1177 4126 teneant,
1208 4052 1243 4112 et
1268 4047 1368 4112 etiam

320 4143 476 4210 “debita
502 4164 570 4222 sua,
598 4143 784 4230 quicunque
810 4166 851 4212 ea
878 4144 1028 4214 debeant
1073 4147 1119 4215 Et
1145 4148 1234 4234 quod
1259 4149 1370 4214 nullus

320 4255 337 4282 “
360 4250 529 4328 mercator,
563 4246 619 4312 vel
650 4245 743 4324 alius,
766 4246 899 4314 obviam
929 4254 984 4315 eat
1015 4250 1249 4316 mercatoribus
1279 4250 1370 4316 veni-

320 4358 338 4385 “
361 4349 501 4428 entibus,
518 4369 577 4435 per
601 4352 725 4415 terram
748 4349 803 4415 vel
827 4371 886 4437 per
911 4372 1040 4436 aquam,
1057 4373 1132 4418 cum
1158 4352 1370 4418 mercandisis

319 4457 339 4489 “
360 4451 428 4518 suis
442 4460 477 4518 et
491 4449 692 4517 victualibus
706 4471 820 4516 versus
835 4451 1006 4520 civitatem
1020 4453 1120 4533 illam,
1136 4455 1179 4520 ad
1196 4454 1370 4521 emendum

328 4656 419 4666 --—

651 4767 659 4796 ¹
673 4766 782 4820 written
789 4781 838 4836 po·
849 4766 877 4818 in
890 4766 933 4820 the
941 4765 1057 4835 orlgimt
