3600 5822
323 929 366 991 14
382 941 466 992 now.
483 922 536 1014 η]
568 937 762 992 rnmnrnse
784 937 829 990 nr
851 939 922 992 run
944 937 1026 992 1rnn
1048 937 1096 990 on
1119 935 1255 988 nosnos.
1303 921 1367 988 331

320 1140 339 1167 “
362 1131 437 1198 dom
459 1131 496 1196 in
525 1130 771 1198 examinatione
794 1129 918 1198 Assisae
949 1129 1053 1217 panis,
1086 1133 1122 1194 et
1153 1127 1267 1194 Assisa
1296 1125 1374 1193 inde

321 1239 340 1270 “
362 1233 515 1313 tenenda,
537 1233 660 1300 eisdem
678 1233 859 1320 pistoribus
881 1233 1088 1313 alloeantur3
1112 1233 1154 1298 de
1176 1251 1244 1317 quo
1259 1229 1375 1296 Aesisa

322 1343 340 1374 “
363 1338 458 1424 panis
481 1336 638 1404 decrescit
660 1343 695 1403 et
716 1336 901 1404 minoratur
921 1337 958 1400 in
972 1335 1126 1424 pondere,
1150 1333 1193 1400 ed
1215 1334 1373 1400 damnum

322 1446 341 1476 “
363 1445 434 1506 tam
464 1439 636 1506 hominum
672 1438 820 1505 civitatis
852 1439 999 1525 ejusdem
1029 1459 1128 1526 qnam
1160 1437 1301 1504 aliorum
1330 1436 1375 1502 ad

323 1543 469 1630 “ipsam
509 1541 755 1620 confluentium,
797 1546 833 1607 et
864 1540 972 1606 nostri
1005 1540 1108 1606 etiem
1147 1540 1375 1627 praejudicium

323 1653 340 1680 ‘⁶
363 1645 583 1712 manifestum.
641 1644 687 1709 Et
709 1644 787 1710 lieet
813 1643 983 1730 praemissa
1006 1664 1115 1710 eoram
1137 1643 1233 1709 vobis
1252 1643 1289 1708 in
1312 1643 1375 1709 Iti-

323 1755 341 1784 “
363 1769 441 1814 nere
476 1747 637 1836 prmdioto
668 1767 728 1834 per
762 1745 937 1814 Juratores
971 1747 1070 1812 modo
1103 1745 1217 1812 debito
1251 1745 1375 1812 fuerint

323 1859 340 1885 ‘⁴
363 1855 563 1938 prasentata
592 1871 653 1938 pro
683 1849 919 1916 communitate
949 1848 1063 1936 populi
1096 1848 1212 1930 nostri,
1243 1870 1302 1916 voe
1323 1853 1376 1915 ta·

322 1959 340 1990 “
364 1976 440 2020 men
462 1954 585 2020 eisdem
607 1953 788 2039 pistoribus
815 1973 913 2039 super
946 1951 1134 2018 extorsione
1169 1973 1228 2018 seu
1250 1951 1375 2018 exami-

324 2066 340 2090 “
363 2055 499 2123 natione
527 2055 716 2143 hujusmodi
738 2055 921 2122 remedium
942 2076 1106 2142 apponere
1127 2055 1286 2122 haetenus
1309 2055 1375 2121 dis-

325 2165 342 2194 “
365 2158 498 2227 tulistis
544 2159 615 2224 Nos
637 2159 750 2246 igitur,
773 2158 923 2225 volentes
945 2158 1022 2224 inde
1044 2158 1117 2224 fiori
1139 2157 1228 2244 qnod
1245 2159 1376 2245 justum

324 2267 341 2296 “
363 2260 464 2328 fuerit
486 2266 523 2329 et
543 2283 723 2328 consonum
745 2261 878 2342 rationi,
892 2261 988 2327 vobis
1010 2261 1214 2344 mandamus,
1237 2259 1376 2346 quodsi

324 2371 342 2398 “
366 2365 462 2430 vobis
491 2364 638 2451 legitime
675 2369 825 2430 constare
855 2362 998 2449 ¹poterit
1035 2363 1159 2430 dietam
1189 2368 1375 2430 custumam

325 2475 342 2501 ‘⁴
365 2488 463 2554 super
484 2466 572 2553 ipsos
593 2467 732 2554 pistores
754 2467 791 2531 in
813 2487 994 2554 gravamen
1016 2467 1130 2554 populi
1151 2467 1266 2546 nostri,
1288 2466 1375 2532 siout

325 2569 570 2656 “praemissum
593 2573 654 2650 est,
683 2569 798 2635 taliter
827 2568 928 2635 fuisse
959 2589 1129 2650 emessam,
1159 2575 1249 2652 tuno,
1276 2573 1376 2657 prout

326 2678 344 2708 “
366 2677 478 2738 vestro
511 2671 676 2738 incumbit
703 2670 818 2751 officio,
852 2671 929 2737 inde
961 2670 1036 2737 fieri
1066 2671 1194 2738 faciatis
1224 2671 1313 2760 qnod
1335 2671 1377 2737 de

325 2783 342 2808 “
361 2774 445 2860 jure,
478 2779 513 2840 et
549 2774 730 2841 senmdum
766 2775 872 2861 legem
907 2777 942 2840 et
972 2775 1244 2844 consuetudinem
1282 2772 1377 2861 regni

324 2886 341 2911 “
364 2877 479 2956 nostri,
496 2876 613 2943 habita
633 2876 894 2944 consideratione
911 2875 955 2942 ad
972 2898 1177 2946 communem
1196 2877 1377 2944 utilitatem

323 2979 479 3067 “populi
510 2979 625 3058 nostri,
649 3001 724 3046 eum
758 2978 928 3044 eeleritate
959 2979 1090 3066 quade
1117 2980 1193 3072 jure
1215 2980 1376 3068 poteritis,

325 3091 343 3118 “
365 3082 609 3149 rationabiliter
630 3081 699 3149 lore
722 3081 873 3148 videritis
888 3081 1085 3149 faciendum
1124 3083 1220 3150 Teste
1243 3084 1377 3171 meipso,

224 3261 227 3266 ,
325 3194 343 3220 “
365 3186 454 3273 opud
470 3185 718 3265 Glouoeatriam,
734 3185 822 3252 xxix
836 3184 891 3250 die
906 3183 1032 3266 Martii,
1048 3207 1136 3253 anno
1150 3187 1247 3274 regni
1268 3186 1377 3253 nostri

326 3297 344 3324 ιι
366 3286 486 3354 Xlffio.”

369 3389 416 3456 Et
437 3411 534 3480 super
556 3391 625 3471 hoe,
649 3388 850 3478 proclamato
880 3411 990 3458 soram
1016 3391 1219 3460 Justieiariis
1244 3393 1273 3460 si
1302 3393 1377 3480 quis
1388 3403 1511 3503 Ple-din?

325 3493 487 3582 pistorum
509 3495 744 3582 praedictorum
767 3495 860 3581 sequi
875 3494 1019 3561 voluerit
1040 3496 1077 3560 in
1098 3497 1161 3563 hao
1181 3501 1284 3584 perte,
1308 3459 1543 3606 &affinitio

324 3598 435 3664 nullus
458 3620 571 3664 eorum
593 3598 712 3678 venit;
734 3597 792 3663 sed
813 3595 950 3684 quidam
972 3598 1157 3666 Willelmus
1179 3601 1220 3666 de
1236 3599 1376 3682 Exonia,
1388 3611 1480 3658 emas

325 3701 384 3787 qni
418 3700 541 3767 detulit
574 3700 770 3788 praedictum
810 3700 911 3767 breve
941 3701 1142 3768 Justieiariis
1164 3725 1224 3790 pro
1245 3703 1377 3790 pistori·

324 3802 396 3882 bus,
419 3803 521 3882 venit,
546 3809 580 3869 et
613 3802 696 3869 dicit
731 3803 820 3889 qnod
854 3803 925 3890 ipse
959 3805 1109 3890 sequitur
1141 3827 1200 3893 pro
1232 3805 1379 3875 Domino

325 3906 424 3995 Rege,
447 3910 483 3972 et
504 3907 592 3994 petit
624 3905 713 3992 quod
739 3905 875 3992 justitia
907 3907 986 3972 inde
1015 3907 1083 3987 fiat
1114 3905 1217 3994 juxta
1237 3910 1377 3977 formem

325 4009 476 4096 praedioti
498 4008 617 4087 brevis,
649 4014 709 4076 eta
755 4008 801 4074 Et
825 4008 994 4076 Galfridus
1024 4009 1056 4076 le
1087 4010 1199 4099 Serop,
1222 4011 1377 4081 Serviane
1387 4031 1528 4130 mamona

327 4113 463 4180 Domini
501 4113 611 4200 Regis,
636 4112 720 4178 dicit
756 4112 846 4200 qnod
883 4113 1034 4201 praedicti
1072 4113 1182 4200 Major
1217 4121 1253 4182 et
1291 4139 1378 4184 eom·
1387 4085 1546 4240 &333⁸

325 4215 472 4283 munitos
521 4215 766 4304 impositionem
814 4216 982 4303 praedicta
1028 4223 1195 4298 onstumae,
1236 4224 1271 4286 et
1308 4219 1378 4307 ejus
1389 4238 1483 4292 meua

324 4320 533 4399 levationem,
565 4319 726 4386 advoeare
755 4341 823 4385 non
856 4319 985 4407 possint
1013 4322 1212 4388 austeritate
1242 4324 1378 4409 praedio·

325 4429 437 4491 torum
475 4421 628 4490 brevium
664 4421 816 4510 praedicti
851 4422 988 4488 Domini
1019 4421 1128 4511 Regia,
1161 4425 1275 4512 patris,
1314 4431 1377 4494 etc.

327 4527 420 4594 Dioit
441 4528 530 4594 enim
560 4525 650 4613 quod
678 4525 795 4596 brevia
827 4524 886 4590 illa
916 4525 1027 4592 elenae
1059 4547 1128 4594 non
1157 4534 1278 4616 gerunt
1308 4529 1378 4598 vim

586 4850 913 4907 Ulln'nonliearldetlin
925 4851 1030 4905 mother
1040 4851 1117 4905 hand»
