3648 5816
477 876 518 938 50
811 887 913 938 LIBER
935 885 1180 940 cosmum.

520 1074 594 1142 XX.
619 1074 671 1140 De
708 1073 851 1161 quodum
875 1073 1004 1140 Littera
1049 1075 1150 1140 missu
1181 1075 1273 1164 Regi,
1304 1075 1341 1140 in
1380 1075 1530 1163 pertibus

478 1178 597 1248 Sootiae
612 1177 780 1244 existenti.

520 1280 614 1347 XXI.
638 1280 689 1346 Do
705 1277 949 1348 Oonvooetione
970 1279 1104 1348 Civium
1123 1279 1167 1346 ad
1188 1280 1373 1348 faciendum
1390 1281 1529 1348 Menda-

475 1389 549 1450 tum
573 1383 709 1450 Domini
728 1383 836 1469 Regis,
854 1371 1004 1470 disquis
1019 1387 1054 1448 et
1069 1384 1169 1448 armis
1184 1383 1291 1449 eidem
1306 1384 1526 1450 concedendis
1668 1407 1669 1410 ¹

520 1486 633 1552 XXII.
657 1487 708 1552 De
730 1485 931 1552 Nominibus
960 1485 1091 1552 illorum
1121 1486 1180 1572 qui
1206 1487 1250 1551 od
1273 1487 1334 1553 hoc
1358 1489 1527 1554 convocati

475 1589 620 1656 tremunt
1257 1619 1259 1624 ·

520 1691 655 1758 XXIII.
678 1691 784 1756 Breve
806 1689 913 1776 Regis,
939 1690 1076 1755 missum
1098 1689 1264 1777 praedictis
1288 1689 1426 1759 Civibus
1451 1695 1527 1779 post

475 1795 692 1882 receptionem
708 1792 910 1858 Litterarum
933 1813 1015 1878 quos
1030 1793 1130 1858 iidem
1147 1794 1246 1860 Cives
1261 1794 1368 1860 eidem
1384 1793 1527 1860 Domino

475 1897 559 1986 Regi
574 1897 665 1984 prius
679 1897 844 1962 miserunt

520 2000 673 2065 XXIIII.
698 1999 804 2064 Breve
833 1998 875 2064 de
904 1999 1070 2065 mittendo
1094 1998 1192 2066 Cives
1226 1999 1270 2066 od
1306 1999 1525 2067 ordinandum

476 2105 609 2170 Novam
632 2101 762 2169 Viilum.

337 2361 360 2407 1³·
369 2363 429 2410 scs.
556 2357 761 2446 capitulum
776 2356 816 2423 dc
833 2353 1128 2424 ordinationibus
1142 2354 1436 2424 Lorimuriorum.

518 2523 544 2591 I.
569 2521 764 2608 Decoquod
782 2521 893 2586 nullus
904 2543 1055 2608 reperere
1073 2527 1253 2608 praesumot
1268 2525 1379 2611 obque
1393 2529 1526 2591 vetusto

472 2648 569 2715 opero
585 2623 784 2704 Lorimurise,
798 2623 841 2716 ud
855 2625 1108 2691 revendendum.

518 2731 566 2796 II.
591 2729 643 2794 Do
659 2725 893 2814 operatoribus
908 2731 983 2814 post
998 2725 1140 2794 Nonum.

517 2832 584 2900 III.
609 2832 660 2897 De
676 2828 784 2896 Festis
799 2829 962 2899 tenendis.

519 2935 605 3002 IIII.
629 2934 681 3001 De
696 2931 927 3020 Apprenticiis.

518 3037 557 3106 V.
583 3037 634 3104 De
650 3034 837 3102 Extraneis.

518 3141 576 3208 VI.
601 3141 652 3207 De
667 3137 827 3226 ponendis
840 3136 902 3203 sub
919 3135 1048 3202 Franco
1064 3135 1186 3224 Plegio.

516 3243 597 3308 VII.
623 3243 674 3308 De
690 3241 828 3306 Loremo
843 3239 953 3305 dando
969 3239 1088 3326 Majori
1104 3240 1278 3306 annuatim
1294 3243 1337 3307 od
1360 3241 1490 3309 Pascha.

516 3345 615 3411 VHI.
639 3345 691 3410 De
715 3341 926 3410 Sacramento
949 3343 1099 3430 praestito
1124 3343 1168 3408 ad
1184 3342 1392 3410 Provisionos
1416 3351 1523 3412 custo-

470 3449 650 3620 dleInIbffliie
672 3547 874 3616 Nominibus
889 3545 1123 3614 Wordatorum
1138 3548 1219 3614 dicti
1236 3547 1350 3615 Officii.

493 3802 648 3874 Articuli
663 3798 912 3870 Fustoriorucn
927 3803 956 3868 et
970 3789 1205 3868 &duriorum
1218 3799 1500 3871 Loudoniurum.

513 3969 541 4036 I.
567 3968 618 4034 De
630 3964 789 4032 Articulis
809 3961 1049 4041 Fustoriorum,
1066 3961 1272 4050 temporibus
1292 3965 1440 4054 antiquis
1457 3967 1524 4033 usi-

466 4074 557 4154 tatis,
580 4067 741 4136 tenendis.

511 4175 557 4241 II.
584 4173 652 4260 [De
675 4168 827 4235 Arcubus
850 4167 1005 4233 sellarum
1029 4167 1256 4258 equestrium]

511 4279 577 4344 III.
602 4275 668 4363 [De
684 4270 895 4357 Pictoribus]

510 4379 596 4446 IIII.
621 4378 672 4444 De
695 4372 921 4462 Apprentioiis
943 4371 1148 4460 recipiendis

509 4482 548 4550 V.
573 4482 624 4548 De
638 4502 677 4546 eo
692 4479 780 4564 quod
797 4476 942 4542 Fustarii
957 4497 1024 4541 non
1040 4469 1217 4563 operentur
1232 4478 1273 4545 de
1290 4478 1403 4546 Nocte.

510 4585 570 4650 VI.
594 4584 645 4648 De
661 4577 883 4647 Forstulloriis
906 4578 1053 4666 ejusdem
1077 4577 1194 4648 Officii.
1359 4647 1361 4652 ,

511 4685 591 4750 VII.
615 4685 667 4750 De
690 4681 913 4770 Apprenticiis
940 4680 1075 4746 minimo
1102 4681 1339 4750 subtrahendis.

510 4787 611 4852 VIII.
634 4787 685 4850 De
702 4784 902 4852 Oustodibus
929 4783 1161 4850 Articulorum.
