3600 5822
500 875 565 943 262
850 887 954 938 nnnc
976 883 1221 940 custumes
1338 873 1399 962 [12
1414 886 1500 942 nnn.
1516 891 1552 942 11.

503 1086 520 1114 “
543 1071 1136 1158 ‘terius,velJusticie1iusF01-estae
1160 1078 1288 1154 nostro,
1313 1075 1355 1140 de
1378 1075 1475 1141 ten-is
1495 1075 1551 1140 vel

501 1185 520 1216 “
544 1179 673 1244 ‘boscis
697 1177 772 1258 suis,
798 1199 857 1243 nec
881 1178 922 1243 de
946 1177 1046 1242 viridi
1073 1178 1127 1243 vel
1151 1177 1192 1242 de
1215 1177 1401 1258 venatione,
1426 1177 1478 1244 vel
1509 1177 1550 1244 de

500 1287 520 1330 ‘-‘
544 1281 801 1358 ‘inbledetione
832 1301 866 1346 se
900 1279 1087 1367 quicunque
1118 1280 1333 1360 intromittet,
1365 1301 1426 1346 nec
1454 1280 1548 1367 ipsos,

500 1389 520 1421 “
543 1385 619 1450 ‘vel
650 1382 797 1450 haeredes
826 1387 886 1447 cut
926 1403 1122 1448 successores
1163 1403 1284 1460 eorum,
1317 1403 1376 1470 per
1406 1382 1549 1468 aliquem

500 1491 520 1522 “
544 1486 858 1552 ‘summonitionem
873 1484 926 1551 vel
949 1485 1191 1552 districtionem
1218 1505 1326 1550 eorem
1348 1483 1549 1551 Justicicriis

499 1595 522 1626 “
543 1597 555 1629 ‘
569 1589 691 1656 nostiis
706 1587 747 1654 de
763 1587 901 1653 Foreste
915 1588 968 1652 vel
983 1585 1151 1652 Werennc
1165 1587 1279 1654 venire
1304 1587 1415 1666 faciet,
1432 1587 1548 1653 eccesi-

500 1699 519 1728 “
543 1700 627 1758 ‘one
643 1697 806 1758 terrerum
829 1695 864 1756 et
879 1693 1143 1756 tenementornm
1160 1711 1303 1767 suorum,
1320 1693 1548 1756 contentomm

501 1803 519 1830 “
543 1793 653 1859 ‘infre
681 1797 794 1882 partes
823 1791 900 1857 illos
930 1793 989 1858 ubi
1018 1792 1109 1879 prius
1142 1791 1267 1858 ibidem
1284 1791 1452 1857 Werenne
1480 1813 1549 1857 eme

500 1905 520 1938 ‘⁶
545 1897 701 1964 ‘solebat
748 1895 813 1962 Sed
837 1895 907 1960 sint
928 1893 1002 1981 ipsi,
1018 1899 1054 1960 et
1075 1893 1221 1962 heredes
1243 1915 1356 1960 eorum
1379 1899 1413 1960 et
1427 1915 1549 1960 succee-

477 2007 518 2044 *“
541 2005 652 2065 ‘sores
677 2019 799 2080 eorum,
826 2001 923 2064 tenoe
949 2001 984 2063 et
1007 1999 1199 2063 tenemento
1221 1995 1310 2062 inire
1334 2001 1444 2084 portes
1466 2019 1549 2084 prce-

405 2171 408 2178 ,
500 2109 518 2138 “
542 2111 550 2138 ‘
565 2103 671 2168 dictes
685 2105 851 2178 contente,
866 2100 963 2166 liberi
977 2103 1013 2165 et
1028 2099 1133 2186 quieti
1148 2098 1188 2165 de
1204 2099 1357 2164 omnibus
1372 2099 1550 2166 exactioni-

497 2209 520 2242 “
543 2204 627 2270 ‘bus
650 2208 685 2270 et
707 2202 939 2282 occasionibus,
955 2201 1136 2282 demendis,
1153 2201 1430 2282 ettcchiomentis,
1452 2205 1486 2267 et
1508 2199 1551 2268 de

498 2312 518 2344 “
542 2307 718 2373 ‘omnibus
741 2327 816 2392 quae
831 2303 874 2369 od
889 2302 1091 2369 Werennem
1107 2301 1161 2368 vel
1177 2302 1350 2368 Forestem
1372 2303 1550 2389 pertinent.

499 2415 518 2446 “
542 2409 858 2490 ‘Quereuolumus
876 2409 910 2470 et
935 2405 1077 2470 fimiter
1098 2405 1312 2492 praeoipimus,
1328 2405 1415 2492 qnod
1438 2426 1549 2471 omnes

499 2517 518 2546 “
542 2509 722 2596 ‘pr-sedisti,
747 2507 835 2573 infra
856 2507 1032 2594 praedictes
1054 2511 1165 2593 partes
1183 2511 1289 2572 terroe
1311 2511 1346 2571 et
1360 2509 1550 2572 tenemento

499 2617 518 2646 “
542 2615 725 2688 ‘tenentes
757 2616 792 2674 et
821 2629 934 2675 eorum
958 2608 1106 2675 haeredes
1130 2613 1166 2675 et
1192 2629 1391 2675 successores
1416 2610 1452 2674 in
1476 2631 1548 2696 per-

499 2719 517 2750 “
541 2717 709 2799 ‘potuum
726 2711 902 2798 praedictes
924 2711 1095 2777 libertates
1117 2715 1153 2777 et
1175 2711 1380 2798 quietencice
1393 2709 1548 2793 habeant,

499 2822 517 2849 “
541 2817 599 2879 ‘et
612 2818 711 2880 terrae
734 2822 768 2878 et
787 2817 977 2880 tenemento
996 2835 1109 2880 eorum
1124 2813 1282 2900 prcedictc
1297 2814 1550 2880 deeworennetu

498 2923 517 2954 “
541 2916 633 2981 ‘sint
663 2919 698 2981 et
727 2915 959 2982 deefforestctc
989 2917 1025 2980 in
1062 2921 1266 3004 perpetuum,
1301 2922 1336 2982 et
1368 2916 1480 3001 quiete
1505 2917 1549 2980 ub

499 3028 516 3055 “
541 3017 716 3084 ‘omnibus
732 3039 806 3104 quoe
829 3018 872 3082 ed
888 3018 1089 3084 Worennsm
1104 3017 1218 3084 velud
1241 3017 1419 3097 Forestem,
1435 3018 1546 3083 velud

497 3131 515 3157 “
540 3121 782 3187 ‘werennmios
804 3121 874 3186 sive
897 3119 1093 3201 forestcnos,
1114 3120 1289 3208 pertinent,
1305 3121 1392 3187 siout
1413 3121 1550 3207 pmedic-

498 3233 516 3259 “
541 3230 638 3289 ‘tum
654 3229 710 3290 est
757 3221 835 3287 Hiis
857 3223 1006 3302 testibus,
1032 3223 1187 3290 Huberto
1209 3223 1251 3289 de
1274 3223 1395 3310 Berge,
1420 3224 1550 3290 Oomite

499 3335 516 3362 “
541 3324 1091 3412 ‘Centiee,Justicic1·ioAngliee;
1115 3325 1266 3392 Gilberto
1292 3324 1424 3392 Oomite
1447 3326 1549 3392 Glou-

498 3436 517 3464 “
540 3429 690 3494 ‘cestriae
712 3433 747 3494 et
770 3427 981 3506 Hertfordiae,
1010 3427 1172 3494 Willelmo
1200 3427 1398 3508 Meseeoello,
1419 3427 1550 3495 Gemite

499 3539 516 3566 “
541 3529 795 3609 ‘Pembrochiae,
835 3529 988 3616 Philippo
1026 3529 1068 3594 de
1106 3529 1290 3609 AlbiniecO,
1321 3528 1469 3595 Woltero
1506 3530 1548 3597 de

498 3641 516 3668 “
541 3633 736 3710 ‘Evermue
754 3630 895 3698 Osberto
919 3631 1075 3710 Gifferde‚
1103 3631 1245 3696 Ricardo
1272 3632 1312 3696 de
1342 3632 1547 3719 Argenteim,

497 3740 516 3772 “
540 3733 716 3799 ‘Johonne
747 3733 816 3798 filio
850 3732 1003 3820 Philippi,
1038 3733 1181 3798 Ricurdo
1214 3733 1284 3799 filio
1322 3733 1484 3821 Hugonis,
1513 3740 1549 3802 et

498 3845 516 3872 ‘⁴
541 3837 647 3902 ‘eliis
709 3835 835 3900 Datum
873 3857 931 3921 per
969 3857 1104 3900 monum
1134 3835 1333 3902 venerabilis
1371 3837 1547 3924 Rodulphi,

498 3947 515 3974 “
541 3938 779 4004 ‘Oiccstrensis
794 3937 956 4022 Episcopi,
975 3936 1170 4003 Concellaiii
1185 3939 1299 4016 nostri,
1316 3940 1404 4024 epud
1428 3939 1546 4005 Wode-

497 4049 514 4075 “
538 4041 665 4118 ‘stoke
681 4039 764 4104 xviii
788 4039 841 4103 die
867 4039 1022 4125 Augusti,
1046 4061 1133 4104 enno
1155 4039 1250 4127 regni
1265 4041 1370 4106 nostri
1385 4041 1444 4105 xi⁰.
1490 4041 1547 4106 In-

497 4147 516 4177 “
541 4141 730 4228 ‘speximus
746 4141 847 4205 etium
870 4139 1036 4226 quandem
1052 4141 1150 4206 aliem
1167 4141 1332 4220 Chartam,
1351 4163 1449 4228 quem
1465 4165 1548 4230 prce-

498 4251 515 4278 “
540 4246 671 4310 ‘dictus
686 4247 916 4330 paternoster
937 4243 1015 4309 fecit
1038 4243 1157 4330 Majori
1180 4249 1214 4310 et
1237 4244 1365 4310 civibus
1382 4245 1546 4311 londoni-

497 4353 515 4382 “
539 4358 664 4424 ‘orum
695 4347 731 4410 in
761 4345 832 4410 haec
865 4347 964 4410 verbu
977 4345 1205 4424 z—Henricus,
1235 4347 1300 4412 Dei
1331 4348 1449 4433 gratie,
1474 4348 1547 4414 Rex

495 4456 514 4486 “
539 4449 702 4536 ‘Angliee
731 4448 894 4514 Dominus
926 4447 1106 4528 Hiberniae,
1141 4448 1222 4514 Dux
1259 4447 1475 4516 Normenniae
1512 4455 1547 4517 et

495 4559 514 4591 ‘¹
538 4551 789 4640 ‘Aquitennice,
807 4550 923 4617 Comes
938 4551 1151 4638 Andegeviae,
1169 4549 1440 4638 Archiepiscopis,
1465 4553 1544 4640 Epi·

495 4663 513 4692 “
537 4655 673 4740 ‘scopis
701 4653 900 4732 Abbetibus,
928 4651 1104 4732 Prioribus,
1129 4651 1324 4734 Comitibus,
1352 4654 1544 4736 Beronibus

497 4767 512 4791 ‘¹
538 4757 583 4822 ‘J
585 4757 769 4834 usticiun'iS,
798 4755 1062 4836 vicecomitibus
1091 4755 1290 4844 Praepositis,
1318 4757 1486 4836 ministris,
1511 4767 1545 4825 et
