3600 5822
433 871 498 933 252
766 882 867 932 crana
889 881 1133 936 ousruusauu
1259 867 1317 955 [52
1332 885 1413 934 unu.
1431 881 1485 934 111.-

432 1077 451 1104 “
473 1091 584 1135 muros
608 1067 754 1136 civitatis
786 1069 954 1156 praedictae
984 1069 1025 1134 de
1054 1068 1235 1155 malique,
1269 1068 1416 1156 exceptis
1441 1069 1484 1134 de

433 1179 451 1208 ‘⁶
473 1172 601 1238 tenuris
623 1171 848 1254 exterioribus,
872 1176 907 1238 et
930 1171 1076 1259 exceptis
1097 1171 1291 1238 monetariis
1312 1177 1347 1237 et
1369 1170 1483 1236 minis-

433 1279 452 1309 “
474 1275 536 1340 tris
551 1274 681 1354 nostris,
697 1279 732 1342 et
747 1274 811 1340 hiis
826 1275 973 1362 exceptis
989 1295 1064 1360 quae
1078 1279 1194 1340 contra
1207 1295 1322 1361 pacem
1335 1277 1483 1340 nostram

433 1381 451 1412 “
475 1376 547 1442 fieri
577 1377 770 1465 continget3
807 1398 890 1463 qum,
922 1376 1102 1442 secundum
1126 1376 1233 1464 legem
1260 1375 1354 1464 regni
1377 1375 1483 1440 nostri

433 1484 451 1514 “
474 1501 689 1559 communem,
716 1478 889 1545 terminari
919 1479 1026 1545 solent
1051 1477 1088 1543 in
1117 1479 1268 1565 partibus
1292 1478 1351 1543 ubi
1374 1482 1485 1543 trans-

434 1589 453 1616 “
474 1583 656 1669 gressiones
678 1582 744 1648 illae
766 1580 862 1649 iactae
884 1581 1044 1662 frrissent3
1067 1585 1101 1647 et
1124 1580 1269 1667 exceptis
1291 1579 1420 1667 placitis
1442 1581 1483 1646 de

434 1693 452 1720 “
475 1685 697 1765 mercandisis,
719 1707 801 1770 quae,
825 1683 1005 1750 secundum
1027 1683 1133 1771 legem
1154 1684 1390 1760 mercatoriam,
1418 1688 1485 1748 ter-

435 1797 453 1823 “
476 1787 597 1853 minari
621 1788 727 1854 solent
759 1787 795 1852 in
828 1786 943 1874 burgis
966 1793 1001 1853 et
1022 1785 1136 1867 feriis3
1167 1785 1217 1852 ita
1240 1791 1361 1866 tamen,
1393 1786 1483 1872 quod

435 1899 453 1925 ‘¹
475 1912 534 1977 per
551 1895 694 1977 quatuor
707 1889 762 1955 vel
785 1911 843 1976 per
865 1891 1013 1976 quinque
1028 1890 1070 1955 de
1092 1889 1222 1955 civibus
1239 1889 1483 1956 Londoniarurn

435 2001 453 2028 “
476 1993 651 2081 praediotis,
667 1993 725 2080 qui
747 1999 924 2080 praesentes
948 1992 1073 2058 fuerint
1096 1992 1133 2058 in
1162 1993 1260 2058 dictis
1290 1993 1403 2079 burgis
1429 1994 1485 2057 vel

435 2103 453 2132 “
475 2097 574 2177 feriis,
600 2095 821 2163 terminentur
847 2095 988 2181 querelae
1011 2095 1078 2161 illas
1090 2119 1098 2177 ;
1131 2094 1232 2162 salvis
1261 2095 1358 2160 nobis
1380 2116 1485 2160 amer·

435 2205 453 2235 ‘¹
476 2193 648 2266 ciamentis
679 2197 758 2264 inde
785 2218 979 2285 quocunque
1010 2197 1109 2265 modo
1134 2197 1415 2284 provenientibus,
1443 2197 1484 2262 de

435 2313 452 2338 '‘
475 2302 594 2390 quibus
609 2301 704 2368 nobis
727 2305 761 2366 et
783 2301 968 2367 haeredibus
982 2301 1112 2380 nostris,
1128 2322 1227 2388 super
1240 2323 1376 2389 gravem
1390 2299 1484 2365 foris-

434 2405 639 2472 “facturam
662 2410 817 2484 nostram,
841 2403 987 2470 fideliter
1009 2402 1262 2492 respondebunt
1318 2403 1486 2470 Concessi-

434 2516 452 2546 “
475 2531 548 2574 mus
564 2509 665 2574 etiam
680 2507 804 2573 eisdem
827 2507 956 2572 civibus
977 2507 1099 2572 nostris
1120 2505 1343 2593 quietanciam
1357 2505 1485 2571 murdri

434 2619 452 2647 ‘¹
474 2611 563 2676 infra
585 2611 755 2677 civitatem
778 2610 980 2696 praedictam,
997 2609 1083 2674 etin
1105 2607 1314 2690 Portsokne3
1337 2613 1373 2674 et
1395 2607 1484 2696 quod

435 2713 585 2778 “nullus
617 2711 742 2778 civium
772 2712 917 2799 ipsorum
947 2710 1046 2777 faciat
1070 2711 1217 2778 duellum
1229 2735 1237 2792 ;
1267 2716 1303 2777 et
1329 2711 1417 2799 quod
1444 2713 1484 2777 de

434 2824 452 2852 ‘¹
474 2815 606 2904 placitis
617 2815 659 2880 ad
674 2835 824 2880 coronam
846 2813 1098 2900 pertinentibus,
1115 2813 1157 2879 de
1171 2813 1235 2879 hiis
1250 2813 1395 2879 maxime
1410 2835 1484 2900 quae

434 2927 453 2956 “
474 2918 561 2984 infra
590 2917 761 2984 civitatem
792 2917 986 3003 praedictam
1020 2921 1054 2982 at
1086 2916 1157 3004 ejus
1187 2917 1381 2982 suburbium
1413 2915 1486 2981 fieri

433 3029 452 3059 “
474 3021 651 3108 continget,
668 3042 702 3086 se
725 3019 852 3108 possint
874 3017 1089 3086 disrationare
1111 3020 1290 3086 secundum
1311 3019 1485 3107 antiquum

434 3131 453 3161 “
475 3124 747 3191 consuetudinem
762 3123 910 3189 civitatis
924 3123 1099 3210 praedictae.
1146 3123 1194 3188 Eo
1210 3131 1322 3189 tamen
1337 3127 1483 3210 excepto,

436 3235 454 3263 “
477 3228 565 3314 quod
587 3249 685 3315 super
706 3225 852 3293 tumulos
874 3231 1088 3306 mortuorum,
1113 3225 1154 3292 da
1184 3247 1222 3291 eo
1247 3225 1336 3312 quod
1363 3223 1485 3292 dicturi

434 3337 453 3367 “
475 3335 584 3397 essent
606 3328 730 3396 mortui
751 3328 780 3394 si
802 3328 955 3396 viverent
977 3349 1045 3395 non
1077 3325 1176 3395 liceat
1197 3327 1330 3414 praecise
1347 3326 1485 3415 jurare;

434 3439 453 3468 ‘⁴
475 3434 532 3500 sed
554 3432 624 3501 loco
658 3437 864 3498 mortuorum
899 3431 957 3518 qui
991 3435 1069 3499 ante
1100 3430 1230 3497 obitum
1262 3453 1358 3497 suum
1389 3429 1485 3497 electi

435 3536 598 3604 “fuerint
620 3537 663 3602 ad
685 3557 739 3603 eos
762 3533 1027 3602 disrationandus
1061 3534 1120 3621 qui
1142 3532 1184 3600 de
1206 3533 1303 3600 rebus
1326 3533 1369 3599 ad
1395 3555 1483 3600 coro-

433 3647 451 3676 “
474 3662 551 3706 nam
566 3639 790 3726 spectantibus
800 3638 957 3725 appellati
971 3636 1097 3703 fuerint
1108 3637 1163 3703 vel
1177 3637 1303 3716 rectati,
1316 3636 1374 3702 adii
1387 3635 1485 3702 liberi

434 3751 451 3778 “
474 3749 508 3809 et
534 3742 655 3830 legales
678 3740 852 3828 eligantur,
877 3740 935 3828 qui
961 3739 1050 3806 idem
1073 3739 1144 3805 sine
1167 3739 1328 3805 dilatione
1351 3737 1483 3819 faciant,

433 3854 452 3882 “
474 3845 563 3933 quod
585 3867 644 3932 per
658 3842 831 3909 defunctos
852 3847 1056 3922 memoratos,
1073 3841 1102 3908 si
1122 3843 1281 3920 viverent,
1303 3840 1376 3908 fieri
1391 3863 1484 3928 opor·

434 3958 452 3985 “
475 3954 570 4017 teret
616 3947 662 4012 Et
677 3945 788 4024 etiam,
801 3945 889 4033 quod
905 3945 993 4011 inira
1014 3967 1126 4012 muros
1141 3945 1298 4025 civitatis,
1313 3946 1368 4010 vel
1383 3945 1485 4010 etism

434 4059 451 4089 “
474 4053 511 4119 in
545 4049 738 4127 Portsokne‚
766 4049 877 4114 nullus
909 4049 1018 4136 capiat
1042 4048 1222 4136 hospitium
1252 4048 1405 4136 pervim
1431 4047 1487 4114 vel

434 4165 452 4192 “
474 4179 533 4244 per
566 4153 796 4220 liberationem
834 4151 1027 4218 Marescalli.
1088 4151 1314 4218 Concessimus
1351 4151 1486 4238 insuper

433 4265 452 4297 “
475 4258 600 4326 eisdem
621 4255 760 4336 civibus,
777 4253 865 4342 quod
880 4275 939 4343 per
961 4259 1069 4320 totam
1091 4260 1213 4321 terrum
1237 4259 1272 4320 et
1285 4257 1485 4341 potestatem

434 4369 452 4398 “
474 4368 632 4440 nostram,
648 4359 707 4426 ubi
729 4356 883 4424 venerint
906 4355 986 4422 alibi
1008 4378 1082 4423 oum
1104 4358 1202 4423 rebus
1225 4361 1260 4422 et
1274 4357 1486 4424 mercandisis

433 4471 451 4502 “
474 4465 550 4546 suis,
584 4469 618 4530 et
652 4461 754 4529 etiam
786 4483 845 4548 per
874 4481 988 4526 ornnes
1016 4463 1132 4546 portus
1161 4457 1270 4540 maria,
1301 4463 1371 4524 tam
1401 4459 1486 4525 citra

430 4575 449 4606 “
472 4589 562 4633 marc
576 4588 676 4653 quam
690 4564 788 4643 ultra,
805 4560 910 4650 quieti
924 4562 993 4628 sint
1008 4562 1048 4627 da
1063 4561 1251 4644 Theolonio‚
1267 4566 1302 4627 et
1318 4561 1483 4650 Lastagio,

432 4676 451 4707 “
474 4674 509 4736 et
531 4668 622 4737 omni
644 4666 710 4732 alia
732 4665 976 4743 consuetudine,
1001 4667 1139 4751 exceptu
1169 4662 1293 4750 ubique
1315 4663 1429 4730 debita
1450 4667 1486 4730 et

432 4781 450 4810 “
472 4773 610 4858 antiqua
631 4769 721 4858 prisa
745 4767 961 4848 nostratim,
986 4766 1093 4847 unius,
1117 4765 1280 4847 videlicet,
1305 4767 1383 4833 dolii
1407 4771 1485 4834 unte
