3462 5836
459 811 525 876 368
795 825 898 876 amun
920 825 1164 876 ousruuaauu.
1302 810 1464 898 [ltnnw.
1480 827 1516 879 ιι.

317 1027 424 1076 rana
456 1011 632 1078 comitibus
658 1009 917 1094 Londoniarum,
939 1011 1026 1078 sieut
1050 1009 1117 1078 suit
1136 1012 1173 1077 in
1194 1012 1349 1078 omnibus
1363 1013 1516 1100 antiquis

316 1161 329 1186 .
459 1113 647 1180 Itineribus.
692 1115 739 1180 Et
753 1115 833 1202 qnia
846 1137 914 1182 non
929 1115 1076 1181 ostendit
1093 1115 1217 1202 aliquid
1231 1115 1369 1202 speciale
1383 1117 1513 1183 foetum

458 1217 499 1282 de
523 1217 589 1282 ista
611 1217 815 1297 clamatione,
844 1215 970 1284 dietum
997 1222 1049 1282 est
1072 1215 1138 1284 eibi
1161 1217 1251 1302 quod
1273 1218 1429 1304 impetret
1453 1241 1516 1306 per

457 1319 573 1408 legem,
595 1321 625 1386 si
650 1321 716 1386 sibi
739 1319 863 1386 viderit
888 1321 1049 1407 expedire
1096 1320 1207 1402 Unde,
1229 1321 1267 1386 in
1289 1324 1362 1387 toto
1385 1321 1512 1388 Itinere

459 1421 674 1489 Vioeoomites
690 1421 937 1488 londoniarum
952 1423 1140 1489 babuerunt
1162 1424 1345 1489 custodiam
1360 1426 1512 1491 omnium

457 1525 637 1612 prisonem,
661 1526 747 1592 siout
769 1527 956 1613 antiquitus
979 1527 1099 1592 habere
1121 1533 1369 1592 consueverunt

290 1627 439 1730 fmffifl,
503 1627 574 1693 Isto
596 1633 709 1695 autem
731 1628 793 1706 die,
817 1627 1054 1716 proclamatum
1076 1628 1142 1696 fuit
1165 1629 1253 1714 quod
1275 1629 1304 1695 si
1327 1631 1401 1716 quis
1415 1631 1512 1718 sequi

290 1729 332 1823 {gg
340 1729 426 1823 ΗΒ
413 1730 601 1797 orvoluerit
629 1753 744 1798 versus
776 1731 975 1818 Magistrum
1008 1731 1197 1796 iohannem
1235 1732 1276 1797 de
1314 1732 1511 1812 Stretforde,

290 1829 419 1924 ffiffl‘ff,
461 1834 629 1900 Deoanum
655 1833 695 1900 de
736 1834 889 1900 henbus
934 1832 1190 1912 Iondoniarum,
1231 1839 1266 1900 et
1308 1835 1509 1922 Magistrum

290 1931 414 2033 iffigffi
459 1934 647 2002 Gilbertum
662 1936 704 2001 de
719 1936 888 2017 Mordone,
903 1935 1085 2002 Offioialern
1108 1935 1304 2016 cantuarios,
1320 1943 1355 2004 et
1376 1943 1513 2006 ‹mteros

292 2013 445 2134 ξῆᾞξιιξ,
458 2039 665 2105 ordinarios
655 2063 692 2104 ιιι
715 2039 864 2118 civitate,
891 2040 931 2106 de
955 2061 994 2106 eo
1017 2039 1104 2126 quod
1126 2043 1306 2108 tenuerunt
1327 2041 1483 2128 placita‘
1473 2065 1511 2107 m

458 2141 560 2208 Curia
590 2141 852 2208 Christianitatis
881 2142 922 2208 de
959 2141 1080 2208 debitis
1117 2148 1151 2209 et
1180 2143 1308 2208 oatallis
1338 2165 1412 2230 quae
1439 2167 1511 2210 non

456 2251 537 2311 sunt
552 2244 593 2310 de
609 2249 807 2312 testamento
822 2244 876 2311 vel
898 2245 1119 2324 matrimonio,
1135 2245 1172 2310 in
1192 2245 1358 2311 laesionem
1380 2267 1511 2314 ooronse

457 2349 556 2436 regiae
572 2349 755 2436 dignitatis,
771 2353 806 2414 et
828 2352 944 2416 eontra
965 2347 1221 2435 prohibitionem
1245 2347 1383 2414 Domini
1398 2349 1508 2437 Regia

457 2451 544 2517 siout
559 2473 599 2517 ex
624 2452 732 2518 relatu
757 2451 975 2540 plurimorum
1002 2449 1166 2516 Dominus
1189 2449 1263 2516 Rex
1285 2452 1417 2540 aoeepit.
1464 2453 1511 2518 Et

457 2575 555 2639 super
577 2554 637 2620 hoo
664 2553 833 2619 Galfridus
859 2555 891 2620 le
917 2553 1028 2640 Semp,
1052 2552 1189 2618 Domini
1217 2552 1318 2640 Regis
1345 2554 1506 2634 Serviane,

458 2656 557 2741 petiit
582 2677 603 2720 a
625 2656 826 2723 Justioiariis
849 2656 938 2722 diem
961 2655 1131 2742 usquead
1154 2655 1242 2721 diem
1270 2655 1416 2722 Veneris
1462 2658 1509 2724 Et

458 2757 546 2822 idem
569 2758 638 2822 dies
659 2757 757 2824 datus
781 2758 949 2846 praedietis
972 2756 1122 2824 Jobanni
1143 2761 1177 2824 et
1199 2757 1281 2834 aliis,
1303 2765 1363 2825 eta
1419 2759 1510 2826 Etsi

458 2859 532 2944 quis
556 2861 649 2948 sequi
672 2861 815 2927 voluerit
838 2883 898 2948 pro
923 2859 1066 2926 Domino
1091 2860 1188 2948 Rege,
1217 2862 1332 2927 veniat
1357 2863 1399 2928 ad
1425 2885 1508 2950 prae·

458 2961 584 3029 dietum
615 2962 801 3028 Golfridum
832 2961 863 3028 le
894 2961 1004 3050 Sorop,
1031 2967 1066 3028 et
1096 2963 1204 3050 ipsum
1228 2963 1385 3030 informet
1410 2989 1510 3052 super

458 3065 641 3152 praemissis,
666 3071 725 3132 eto.
772 3064 818 3131 Et
840 3071 929 3144 nota,
956 3065 1044 3151 quod
1070 3064 1137 3130 fere
1164 3087 1277 3132 omnes
1300 3065 1447 3132 officiarii
1474 3073 1510 3134 et

458 3168 617 3234 ordinarii
643 3169 778 3234 fluerunt
801 3167 955 3234 indioteti
981 3168 1173 3256 perplures
1197 3168 1337 3234 Wardas
1362 3169 1511 3236 eisitatis

458 3271 500 3336 de
528 3269 660 3358 placitis
689 3275 804 3336 eontra
833 3271 959 3358 regiam
989 3269 1189 3358 dignitatern
1219 3272 1331 3352 tentis,
1374 3277 1442 3350 eta,
1475 3279 1512 3340 et

458 3371 547 3458 quod
577 3377 771 3460 receperunt
799 3371 841 3438 de
871 3373 1080 3439 testamentis
1108 3371 1296 3459 probandis,
1327 3379 1362 3440 et
1388 3375 1429 3440 de
1459 3376 1511 3441 in-

457 3475 617 3542 venteriis
643 3481 677 3542 et
701 3474 934 3561 acquietanoiis
959 3473 1118 3540 faciendis
1134 3474 1237 3562 [plus]
1253 3497 1352 3562 quam
1367 3477 1408 3542 de
1433 3477 1511 3563 jure

458 3577 656 3657 debuissent,
674 3582 708 3644 et
730 3578 819 3644 unde
834 3599 932 3663 super
955 3575 1017 3642 hoo
1038 3599 1097 3664 per
1119 3577 1262 3664 patriam
1284 3577 1419 3645 fuerunt
1433 3601 1510 3647 oon·

459 3679 616 3759 demnati,
641 3685 677 3744 et
699 3678 806 3745 multa
828 3679 1005 3767 opprobria
1026 3678 1124 3766 passi,
1147 3683 1208 3745 eto.

292 3789 439 3886 sananim
504 3781 630 3847 Eodem
657 3781 710 3848 die
733 3780 899 3868 placitata
926 3785 961 3848 et
982 3781 1213 3848 determinata
1236 3783 1372 3849 fuenmt
1400 3785 1511 3872 plures

292 3855 333 3936 tib
341 3893 412 3936 Oret
457 3883 547 3950 billae
571 3883 660 3950 inter
695 3887 871 3968 querentes
906 3889 942 3949 et
975 3883 1223 3950 defendentes'
1214 3907 1250 3948 ιιι
1272 3885 1362 3951 Aula
1386 3887 1509 3974 Magna

291 3943 441 4089 'Edfflh
458 4007 571 4051 versus
597 3985 807 4064 Thamisiam,
834 3985 894 4052 ubi
919 3984 1106 4051 Jrrstioian'i
1130 3985 1291 4054 sedebant
1314 4011 1374 4076 pro
1396 3988 1509 4077 hujus-

292 4095 396 4140 ΨΜ
458 4089 548 4154 modi
563 4087 652 4153 billis
674 4109 733 4176 per
755 4093 864 4154 totum
890 4087 967 4154 Iter.
1013 4087 1121 4154 Etru
1144 4088 1252 4155 Parva
1271 4089 1368 4170 Aula,
1392 4092 1511 4159 subtus

292 4205 374 4298 ιιοοο11
365 4205 438 4250 orme
459 4189 637 4256 Turrim'
628 4213 663 4255 ιιι
699 4189 843 4270 Oriente,
874 4189 1034 4256 sedebant
1063 4189 1250 4257 Justioiarii
1286 4213 1346 4278 pro
1376 4191 1511 4261 Planitis

292 4257 447 4408 ffitffie
433 4291 606 4372 morona,
638 4311 713 4380 quae
743 4292 876 4379 inoepta
906 4292 1043 4357 fuerunt
1066 4292 1119 4357 die
1144 4291 1309 4372 Mercurii,
1340 4295 1427 4360 xviii
1456 4297 1511 4365 die

291 4405 441 4499 offiano
439 4388 602 4460 Itineris
648 4394 695 4460 Et
709 4398 797 4474 nota,
823 4393 911 4480 quod
935 4415 1031 4460 nemo
1057 4393 1200 4460 audebat
1223 4395 1302 4460 illue
1324 4397 1435 4463 venire
1449 4421 1511 4466 nee

292 4505 377 4549 uower.
459 4496 493 4559 in
496 4499 593 4572 t,rare
620 4495 685 4560 nisi
710 4495 926 4562 Vioeoomites
952 4501 987 4562 et
1013 4497 1120 4563 clerici
1143 4497 1203 4575 sui,
1232 4496 1449 4565 Coronetores
1476 4510 1512 4569 et

459 4597 746 4677 Subooronatores‚
769 4604 805 4666 et
827 4599 987 4668 duodenae
1019 4599 1060 4666 de
1084 4599 1224 4679 Wardis,
1249 4602 1382 4690 quando
1406 4603 1511 4672 inter-

458 4704 583 4786 rogatae
604 4701 748 4768 fuerunt.
