3624 5824
446 919 513 984 204
781 933 886 986 unns
907 933 1156 988 cusnuunnuu.
1313 920 1373 1010 [22
1385 937 1469 989 nnw.
1480 936 1503 988 1.

445 1125 533 1207 puri,
556 1142 657 1207 epar
688 1126 784 1186 suine
810 1121 970 1210 bargsyn,
998 1123 1039 1190 de
1070 1127 1158 1190 tobes
1187 1125 1288 1211 genis
1320 1146 1363 1190 en
1393 1129 1502 1192 toules

446 1221 554 1288 Courz
566 1247 575 1304 ;
611 1243 671 1309 pur
700 1229 763 1289 unt
794 1225 825 1290 le
854 1224 970 1311 poeple
999 1226 1041 1290 ud
1071 1231 1140 1292 esie
1174 1232 1293 1292 sovent
1317 1248 1500 1306 maumene,

445 1325 615 1406 desheiile,
654 1349 672 1392 e
702 1326 844 1393 destruit
881 1350 940 1413 par
980 1332 1053 1393 teus
1090 1332 1338 1415 meyntenours,
1377 1336 1412 1396 el
1442 1352 1503 1416 par

444 1427 517 1492 lour
572 1427 776 1510 makemenz,
823 1451 884 1515 par
928 1430 1002 1494 lour
1046 1436 1193 1511 travnus,
1241 1436 1276 1496 et
1321 1453 1382 1518 pur
1427 1432 1500 1498 lour

445 1531 731 1612 destourbsunees,
755 1552 795 1617 qe
824 1536 899 1597 teus
934 1537 1017 1597 ount
1046 1532 1094 1598 fet
1123 1534 1156 1598 al
1180 1535 1302 1620 poeple,
1327 1556 1349 1598 s
1376 1541 1500 1621 granni

443 1633 667 1700 desimcoioun
690 1655 708 1698 e
737 1655 758 1697 a
779 1639 901 1720 gruunt
931 1633 1106 1721 prejudiee,
1130 1637 1161 1700 le
1184 1635 1248 1700 Rei
1279 1659 1301 1700 s
1324 1636 1498 1722 Berwyke,

442 1755 503 1822 par
532 1741 640 1802 esseni
672 1737 729 1802 des
763 1757 889 1822 graunz
924 1736 1102 1824 Seignours
1133 1737 1175 1803 de
1205 1738 1239 1802 la
1272 1744 1409 1817 berrue
1440 1762 1500 1826 par

442 1859 503 1904 son
533 1837 673 1917 Oonseil,
698 1839 816 1904 ordina
840 1843 874 1904 el
899 1839 1027 1921 establi,
1051 1862 1092 1927 qe
1116 1841 1150 1927 qi
1173 1843 1262 1906 serre
1284 1841 1407 1907 atleint
1430 1842 1500 1907 des·

443 1941 591 2008 horemes
621 1942 663 2008 de
684 1941 778 2006 tieles
801 1941 955 2028 enprises,
987 1947 1111 2030 suyies,
1135 1965 1153 2009 s
1179 1944 1354 2031 bergnyns,
1390 1944 1437 2010 eil
1466 1946 1500 2010 la

441 2046 595 2132 prisoune
626 2045 666 2110 ds
696 2043 735 2108 iii
767 2066 862 2126 sunz,
893 2067 911 2110 e
941 2045 1016 2130 puis
1045 2047 1110 2111 seit
1144 2048 1275 2112 reinla
1304 2047 1339 2112 ln
1360 2045 1499 2112 volunle

441 2149 471 2212 le
496 2147 567 2213 Roi.
608 2147 702 2213 Done
723 2170 743 2212 a
763 2147 946 2235 Berewyke
965 2170 1021 2213 sur
1036 2148 1166 2232 Twede,
1183 2154 1252 2232 ein,
1268 2150 1323 2215 len
1339 2150 1384 2215 du
1399 2171 1498 2236 regne

443 2250 485 2315 de
512 2250 576 2316 Rei
599 2249 764 2317 Edwards
786 2256 958 2338 vyntyme.

302 2553 405 2600 Ml*
561 2561 665 2629 Breve
686 2584 789 2650 super
810 2563 994 2632 Statilium
1016 2563 1057 2631 de
1073 2562 1374 2631 ¹Psoolamuts'0ne.

276 2708 423 2806 ffi‘ffgff
488 2709 589 2774 “Rex
604 2708 799 2776 Vineeomiti
823 2710 1016 2791 Lincolniae,
1040 2711 1187 2778 sulutem.
1235 2711 1323 2793 Quia
1344 2712 1388 2777 sd
1410 2734 1495 2777 som-

273 2809 425 2912 ffiffissi
445 2815 463 2844 “
485 2833 618 2876 munem
641 2811 822 2878 ulililslem
856 2813 971 2902 populi
1001 2814 1095 2902 regni
1126 2814 1238 2893 nosiri,
1263 2815 1305 2880 de
1330 2815 1497 2880 communi

275 2913 432 3009 3322?th
445 2919 463 2948 “
485 2915 619 2980 consilio
651 2915 799 3002 ejusdem
820 2916 915 3005 regni
937 2917 1117 2983 slsluimus
1148 2939 1191 2983 ne
1213 2917 1332 3002 aliquis
1353 2920 1497 3005 ponatur

275 3011 432 3110 sutultffito
446 3023 464 3050 “
485 3017 521 3081 in
552 3015 680 3096 Assisis,
720 3019 857 3099 Juratis,
898 3019 952 3084 vel
990 3018 1284 3106 Recognilionibus
1321 3018 1496 3106 aliquibus„

274 3074 418 3211 ffiffi
446 3125 462 3154 “
485 3128 581 3185 extra
604 3119 817 3201 Comitatum,
851 3121 916 3186 nisi
947 3125 1053 3188 terras
1085 3127 1120 3188 et
1147 3127 1337 3189 tenemenln
1374 3121 1495 3187 habeat

274 3213 360 3261 '‘li‘'-
445 3227 463 3256 “
485 3222 529 3288 sd
551 3223 730 3289 valeniiam
763 3229 896 3290 eentum
928 3224 1116 3304 solidorum,
1140 3225 1184 3291 nd
1214 3225 1332 3305 minus,
1356 3247 1414 3312 per
1437 3246 1496 3289 an·

444 3329 462 3360 “
484 3347 587 3406 num;
611 3347 671 3391 nec
692 3323 779 3391 infru
803 3326 1017 3405 Oomiuaium,
1042 3326 1107 3392 nisi
1129 3331 1234 3392 tenus
1257 3334 1291 3392 et
1305 3332 1495 3393 tenementis

300 3436 325 3483 1².
334 3441 378 3486 us
387 3439 410 3486 b.
444 3433 461 3462 “
484 3427 605 3493 habeas
631 3428 674 3492 ud
709 3428 889 3495 valentiam
923 3427 961 3492 xl
991 3427 1180 3510 solidorum,
1213 3429 1256 3494 ad
1291 3427 1408 3508 minus,
1436 3451 1494 3515 per

443 3537 462 3565 “
483 3546 616 3608 annum,
640 3535 739 3616 proul
768 3530 805 3594 in
838 3531 973 3596 Stabulo
996 3530 1055 3596 illo
1087 3530 1175 3617 quod
1203 3530 1268 3596 ubi
1290 3531 1351 3597 sub
1375 3531 1493 3618 Sigillo

443 3641 461 3667 “
483 3639 596 3706 nosiro
629 3633 802 3711 millimus,
836 3638 871 3699 el
905 3633 993 3719 quod
1024 3634 1060 3698 in
1103 3633 1256 3698 omnibus
1289 3639 1322 3699 ei
1357 3633 1495 3722 singulis

443 3743 461 3770 “
483 3734 631 3801 articulis
652 3734 721 3800 suis
744 3736 786 3801 de
819 3741 937 3802 naeiero
970 3735 1136 3802 observari
1169 3735 1330 3815 volumus,
1354 3736 1495 3802 firmiter

442 3843 461 3874 “
484 3843 519 3903 et
567 3837 681 3917 teneri,
732 3837 862 3924 plenius
908 3837 1220 3905 continetur-Tibi
1268 3837 1491 3926 praecipimus,

444 3948 461 3975 “
483 3940 623 4007 firmiber
653 3940 873 4028 injungentes,
897 3942 986 4026 quod
1021 3941 1193 4008 Sialutum
1225 3942 1308 4008 illud
1333 3941 1493 4028 inplens

441 4049 461 4079 “
484 4043 657 4112 comitutu
678 4049 746 4122 lus,
771 4048 806 4109 et
829 4043 864 4108 in
888 4043 1089 4122 civitatibus,
1114 4044 1236 4131 burgis,
1259 4045 1348 4111 villis
1370 4065 1492 4109 merca-

442 4155 461 4182 “
483 4146 585 4225 soriis,
610 4150 646 4211 el
667 4145 741 4210 aliis
763 4145 850 4232 locis·
863 4145 1005 4233 publicis
1027 4151 1062 4211 et
1084 4146 1286 4212 solemnibus
1307 4147 1345 4210 in
1367 4145 1493 4212 bsllivs

443 4259 460 4286 “
482 4256 550 4328 tua,
574 4249 633 4314 ubi
663 4270 792 4314 neeesse
822 4248 923 4315 fuerit
956 4254 992 4315 el
1015 4248 1171 4336 expedire
1202 4247 1335 4327 videris,
1360 4247 1426 4336 legi
1458 4252 1493 4314 ei

443 4352 613 4438 “publice
635 4351 837 4438 proclamari,
862 4356 897 4417 ei
918 4351 955 4416 in
978 4350 1131 4416 omnibus
1153 4355 1188 4416 el
1208 4350 1349 4438 singulis
1370 4349 1493 4417 anicu-

443 4463 460 4492 “
482 4455 524 4519 lis
546 4455 622 4532 suis,
646 4457 808 4540 quantum
830 4453 867 4518 in
890 4459 924 4520 ie
947 4459 1006 4532 est,
1031 4453 1197 4519 observari
1219 4453 1319 4518 fusiss
1341 4452 1490 4533 firmiter,

474 4757 481 4786 ¹
494 4755 566 4806 Mors
582 4757 685 4808 correct!
687 4771 704 4822 y
717 4756 759 4807 the
770 4759 785 4785 ‘¹
793 4755 890 4808 statute
912 4753 942 4805 ol
986 4753 1003 4782 “
1013 4752 1123 4816 Juries‚'’
1135 4759 1168 4804 22
1180 4753 1319 4806 Edwardl.

440 4839 457 4866 “
470 4850 573 4902 persons
583 4843 610 4888 to
625 4837 658 4886 be
674 4843 720 4902 put
729 4851 762 4889 on
774 4833 878 4888 Asslzss
889 4835 940 4887 und
