<?xml version="1.0" encoding="UTF-8"?>
<!DOCTYPE html PUBLIC "-//W3C//DTD XHTML 1.0 Transitional//EN"
    "http://www.w3.org/TR/xhtml1/DTD/xhtml1-transitional.dtd">
<html xmlns="http://www.w3.org/1999/xhtml" xml:lang="en" lang="en">
 <head>
  <title>
</title>
<meta http-equiv="Content-Type" content="text/html;charset=utf-8" />
  <meta name='ocr-system' content='tesseract 3.04.00' />
  <meta name='ocr-capabilities' content='ocr_page ocr_carea ocr_par ocr_line ocrx_word'/>
</head>
<body>
  <div class='ocr_page' id='page_1' title='image "./munimentagildha05librgoog_0518.png"; bbox 0 0 3462 5836; ppageno 0'>
   <div class='ocr_carea' id='block_1_1' title="bbox 337 1188 443 1238">
    <p class='ocr_par' dir='ltr' id='par_1_1' title="bbox 337 1188 443 1238">
     <span class='ocr_line' id='line_1_1' title="bbox 337 1188 443 1238; baseline 0.04 -5"><span class='ocrx_word' id='word_1_1' title='bbox 337 1188 443 1238; x_wconf 68' lang='lat' dir='ltr'><strong>1³..rsab</strong></span> 
     </span>
    </p>
   </div>
   <div class='ocr_carea' id='block_1_2' title="bbox 310 1253 433 1351">
    <p class='ocr_par' dir='ltr' id='par_1_2' title="bbox 310 1253 433 1350">
     <span class='ocr_line' id='line_1_2' title="bbox 310 1253 433 1308; baseline 0 -10"><span class='ocrx_word' id='word_1_2' title='bbox 310 1253 362 1308; x_wconf 75' lang='lat' dir='ltr'><strong>unq</strong></span> <span class='ocrx_word' id='word_1_3' title='bbox 363 1255 433 1300; x_wconf 78' lang='lat' dir='ltr'><strong>utrius</strong></span> 
     </span>
     <span class='ocr_line' id='line_1_3' title="bbox 310 1268 430 1351; baseline 0.03 -4.164"><span class='ocrx_word' id='word_1_4' title='bbox 310 1268 380 1348; x_wconf 70' lang='lat'><strong>011</strong></span> <span class='ocrx_word' id='word_1_5' title='bbox 389 1307 430 1351; x_wconf 82' lang='lat' dir='ltr'><strong>tn</strong></span> 
     </span>
    </p>
   </div>
   <div class='ocr_carea' id='block_1_3' title="bbox 309 1367 465 1518">
    <p class='ocr_par' dir='ltr' id='par_1_3' title="bbox 309 1367 436 1502">
     <span class='ocr_line' id='line_1_4' title="bbox 310 1367 326 1408; baseline 0 0"><span class='ocrx_word' id='word_1_6' title='bbox 310 1367 326 1408; x_wconf 76' lang='lat'><strong>1³</strong></span> 
     </span>
     <span class='ocr_line' id='line_1_5' title="bbox 309 1370 465 1518; baseline 0.016 -18"><span class='ocrx_word' id='word_1_7' title='bbox 309 1461 349 1500; x_wconf 67' lang='lat' dir='ltr'><strong>a</strong></span> <span class='ocrx_word' id='word_1_8' title='bbox 309 1370 465 1518; x_wconf 49' lang='lat' dir='ltr'><strong>mliii*</strong></span> 
     </span>
    </p>
   </div>
   <div class='ocr_carea' id='block_1_4' title="bbox 479 886 1530 974">
    <p class='ocr_par' dir='ltr' id='par_1_4' title="bbox 479 886 1530 974">
     <span class='ocr_line' id='line_1_6' title="bbox 479 886 1530 974; baseline -0.004 -21"><span class='ocrx_word' id='word_1_9' title='bbox 479 889 546 954; x_wconf 80' lang='grc'><strong>358</strong></span> <span class='ocrx_word' id='word_1_10' title='bbox 813 901 915 952; x_wconf 76' lang='lat' dir='ltr'><strong>ursus</strong></span> <span class='ocrx_word' id='word_1_11' title='bbox 937 901 1179 954; x_wconf 75' lang='lat' dir='ltr'><strong>uusruussuu</strong></span> <span class='ocrx_word' id='word_1_12' title='bbox 1311 886 1371 974; x_wconf 77' lang='lat'><strong>[14</strong></span> <span class='ocrx_word' id='word_1_13' title='bbox 1387 903 1473 954; x_wconf 76' lang='lat' dir='ltr'><strong>unu.</strong></span> <span class='ocrx_word' id='word_1_14' title='bbox 1492 899 1530 950; x_wconf 71' lang='grc' dir='ltr'><strong>ιι·</strong></span> 
     </span>
    </p>
   </div>
   <div class='ocr_carea' id='block_1_5' title="bbox 442 1087 1533 1486">
    <p class='ocr_par' dir='ltr' id='par_1_5' title="bbox 476 1087 1533 1486">
     <span class='ocr_line' id='line_1_7' title="bbox 477 1087 1533 1176; baseline 0.001 -24"><span class='ocrx_word' id='word_1_15' title='bbox 477 1087 575 1153; x_wconf 86' lang='lat' dir='ltr'><strong>terris</strong></span> <span class='ocrx_word' id='word_1_16' title='bbox 598 1087 734 1175; x_wconf 88' lang='lat' dir='ltr'><strong>captis</strong></span> <span class='ocrx_word' id='word_1_17' title='bbox 725 1110 761 1153; x_wconf 92' lang='grc' dir='ltr'><strong>ιιι</strong></span> <span class='ocrx_word' id='word_1_18' title='bbox 783 1109 885 1154; x_wconf 87' lang='lat' dir='ltr'><strong>manu</strong></span> <span class='ocrx_word' id='word_1_19' title='bbox 907 1088 1043 1154; x_wconf 92' lang='lat' dir='ltr'><strong>Domini</strong></span> <span class='ocrx_word' id='word_1_20' title='bbox 1067 1088 1174 1175; x_wconf 89' lang='lat' dir='ltr'><strong>Regis,</strong></span> <span class='ocrx_word' id='word_1_21' title='bbox 1198 1109 1273 1174; x_wconf 83' lang='lat' dir='ltr'><strong>quas</strong></span> <span class='ocrx_word' id='word_1_22' title='bbox 1296 1089 1368 1176; x_wconf 88' lang='lat' dir='ltr'><strong>capi</strong></span> <span class='ocrx_word' id='word_1_23' title='bbox 1383 1111 1453 1154; x_wconf 91' lang='lat' dir='ltr'><strong>non</strong></span> <span class='ocrx_word' id='word_1_24' title='bbox 1476 1088 1533 1154; x_wconf 86' lang='lat' dir='ltr'><strong>de-</strong></span> 
     </span>
     <span class='ocr_line' id='line_1_8' title="bbox 476 1190 1531 1278; baseline 0.002 -24"><span class='ocrx_word' id='word_1_25' title='bbox 476 1190 629 1270; x_wconf 86' lang='lat' dir='ltr'><strong>buerunt,</strong></span> <span class='ocrx_word' id='word_1_26' title='bbox 662 1195 695 1256; x_wconf 90' lang='lat' dir='ltr'><strong>et</strong></span> <span class='ocrx_word' id='word_1_27' title='bbox 726 1197 841 1277; x_wconf 81' lang='lat' dir='ltr'><strong>postea</strong></span> <span class='ocrx_word' id='word_1_28' title='bbox 874 1191 1039 1258; x_wconf 88' lang='lat' dir='ltr'><strong>restitutis</strong></span> <span class='ocrx_word' id='word_1_29' title='bbox 1069 1213 1128 1278; x_wconf 87' lang='lat' dir='ltr'><strong>per</strong></span> <span class='ocrx_word' id='word_1_30' title='bbox 1158 1197 1359 1278; x_wconf 71' lang='lat' dir='ltr'><strong>praeceptum</strong></span> <span class='ocrx_word' id='word_1_31' title='bbox 1391 1191 1531 1257; x_wconf 90' lang='lat' dir='ltr'><strong>Domini</strong></span> 
     </span>
     <span class='ocr_line' id='line_1_9' title="bbox 478 1292 1531 1382; baseline 0.002 -25"><span class='ocrx_word' id='word_1_32' title='bbox 478 1292 599 1380; x_wconf 77' lang='lat' dir='ltr'><strong>Regis,</strong></span> <span class='ocrx_word' id='word_1_33' title='bbox 630 1317 704 1360; x_wconf 90' lang='lat' dir='ltr'><strong>oum</strong></span> <span class='ocrx_word' id='word_1_34' title='bbox 726 1300 936 1382; x_wconf 84' lang='lat' dir='ltr'><strong>praeceptum</strong></span> <span class='ocrx_word' id='word_1_35' title='bbox 966 1295 1079 1374; x_wconf 89' lang='lat' dir='ltr'><strong>fuerit,</strong></span> <span class='ocrx_word' id='word_1_36' title='bbox 1107 1304 1220 1360; x_wconf 87' lang='lat' dir='ltr'><strong>utrum</strong></span> <span class='ocrx_word' id='word_1_37' title='bbox 1247 1301 1411 1382; x_wconf 66' lang='lat' dir='ltr'><strong>pmcepta</strong></span> <span class='ocrx_word' id='word_1_38' title='bbox 1433 1293 1531 1359; x_wconf 78' lang='lat' dir='ltr'><strong>resti·</strong></span> 
     </span>
     <span class='ocr_line' id='line_1_10' title="bbox 442 1397 1530 1486; baseline 0.001 -25.032"><span class='ocrx_word' id='word_1_39' title='bbox 442 1398 604 1462; x_wconf 60' lang='lat' dir='ltr'><strong>»tuerint</strong></span> <span class='ocrx_word' id='word_1_40' title='bbox 627 1397 670 1462; x_wconf 88' lang='lat' dir='ltr'><strong>ad</strong></span> <span class='ocrx_word' id='word_1_41' title='bbox 692 1397 886 1463; x_wconf 82' lang='lat' dir='ltr'><strong>mandatum</strong></span> <span class='ocrx_word' id='word_1_42' title='bbox 910 1397 1048 1462; x_wconf 88' lang='lat' dir='ltr'>Domini</span> <span class='ocrx_word' id='word_1_43' title='bbox 1073 1397 1173 1486; x_wconf 84' lang='lat' dir='ltr'><strong>Regis</strong></span> <span class='ocrx_word' id='word_1_44' title='bbox 1204 1399 1259 1464; x_wconf 80' lang='lat' dir='ltr'><strong>vel</strong></span> <span class='ocrx_word' id='word_1_45' title='bbox 1285 1420 1359 1464; x_wconf 89' lang='lat' dir='ltr'><strong>non.</strong></span> <span class='ocrx_word' id='word_1_46' title='bbox 1418 1399 1467 1463; x_wconf 88' lang='lat' dir='ltr'><strong>Et</strong></span> <span class='ocrx_word' id='word_1_47' title='bbox 1489 1399 1530 1463; x_wconf 89' lang='lat' dir='ltr'><strong>de</strong></span> 
     </span>
    </p>
   </div>
   <div class='ocr_carea' id='block_1_6' title="bbox 307 1499 1531 1586">
    <p class='ocr_par' dir='ltr' id='par_1_6' title="bbox 307 1499 1531 1586">
     <span class='ocr_line' id='line_1_11' title="bbox 307 1499 1531 1586; baseline 0.004 -26"><span class='ocrx_word' id='word_1_48' title='bbox 307 1518 324 1560; x_wconf 84' lang='lat' dir='ltr'><strong>r</strong></span> <span class='ocrx_word' id='word_1_49' title='bbox 349 1509 414 1552; x_wconf 73' lang='lat' dir='ltr'><strong>vious</strong></span> <span class='ocrx_word' id='word_1_50' title='bbox 477 1499 629 1565; x_wconf 90' lang='lat' dir='ltr'><strong>omnibus</strong></span> <span class='ocrx_word' id='word_1_51' title='bbox 652 1501 818 1586; x_wconf 72' lang='lat' dir='ltr'><strong>praedictis</strong></span> <span class='ocrx_word' id='word_1_52' title='bbox 843 1500 939 1566; x_wconf 83' lang='lat' dir='ltr'><strong>factis</strong></span> <span class='ocrx_word' id='word_1_53' title='bbox 961 1506 997 1566; x_wconf 88' lang='lat' dir='ltr'><strong>et</strong></span> <span class='ocrx_word' id='word_1_54' title='bbox 1019 1501 1200 1566; x_wconf 89' lang='lat' dir='ltr'><strong>commissis</strong></span> <span class='ocrx_word' id='word_1_55' title='bbox 1221 1500 1309 1565; x_wconf 82' lang='lat' dir='ltr'><strong>infra</strong></span> <span class='ocrx_word' id='word_1_56' title='bbox 1330 1523 1402 1566; x_wconf 85' lang='lat' dir='ltr'><strong>xxv</strong></span> <span class='ocrx_word' id='word_1_57' title='bbox 1423 1521 1531 1565; x_wconf 88' lang='lat' dir='ltr'><strong>annos</strong></span> 
     </span>
    </p>
   </div>
   <div class='ocr_carea' id='block_1_7' title="bbox 307 1519 449 1662">
    <p class='ocr_par' dir='ltr' id='par_1_7' title="bbox 307 1519 449 1662">
     <span class='ocr_line' id='line_1_12' title="bbox 309 1519 449 1613; baseline 0.036 -13"><span class='ocrx_word' id='word_1_58' title='bbox 309 1519 371 1601; x_wconf 52' lang='lat' dir='ltr'><strong>trem</strong></span> <span class='ocrx_word' id='word_1_59' title='bbox 342 1559 449 1613; x_wconf 66' lang='lat' dir='ltr'><strong>sar-vetra</strong></span> 
     </span>
     <span class='ocr_line' id='line_1_13' title="bbox 307 1619 381 1662; baseline 0 -10"><span class='ocrx_word' id='word_1_60' title='bbox 307 1619 381 1662; x_wconf 74' lang='lat' dir='ltr'><strong>ysam.</strong></span> 
     </span>
    </p>
   </div>
   <div class='ocr_carea' id='block_1_8' title="bbox 472 1601 1543 3028">
    <p class='ocr_par' dir='ltr' id='par_1_8' title="bbox 475 1601 1530 2101">
     <span class='ocr_line' id='line_1_14' title="bbox 475 1601 1527 1690; baseline 0.001 -23"><span class='ocrx_word' id='word_1_61' title='bbox 475 1602 627 1688; x_wconf 84' lang='lat' dir='ltr'><strong>proximo</strong></span> <span class='ocrx_word' id='word_1_62' title='bbox 649 1602 835 1689; x_wconf 83' lang='lat' dir='ltr'><strong>prseteritos</strong></span> <span class='ocrx_word' id='word_1_63' title='bbox 857 1603 1009 1690; x_wconf 70' lang='lat' dir='ltr'><strong>praedicti</strong></span> <span class='ocrx_word' id='word_1_64' title='bbox 1023 1601 1208 1668; x_wconf 84' lang='lat' dir='ltr'><strong>Justiciarii</strong></span> <span class='ocrx_word' id='word_1_65' title='bbox 1232 1625 1267 1669; x_wconf 88' lang='lat' dir='ltr'><strong>se</strong></span> <span class='ocrx_word' id='word_1_66' title='bbox 1289 1604 1527 1669; x_wconf 86' lang='lat' dir='ltr'><strong>intromittant</strong></span> 
     </span>
     <span class='ocr_line' id='line_1_15' title="bbox 476 1703 1529 1793; baseline 0.002 -25"><span class='ocrx_word' id='word_1_67' title='bbox 476 1703 522 1770; x_wconf 84' lang='lat' dir='ltr'><strong>Et</strong></span> <span class='ocrx_word' id='word_1_68' title='bbox 554 1705 746 1792; x_wconf 90' lang='lat' dir='ltr'><strong>omnesqui</strong></span> <span class='ocrx_word' id='word_1_69' title='bbox 779 1707 929 1771; x_wconf 90' lang='lat' dir='ltr'><strong>sentiunt</strong></span> <span class='ocrx_word' id='word_1_70' title='bbox 959 1727 994 1771; x_wconf 86' lang='lat' dir='ltr'><strong>ss</strong></span> <span class='ocrx_word' id='word_1_71' title='bbox 1023 1711 1186 1793; x_wconf 88' lang='lat' dir='ltr'><strong>gravatos,</strong></span> <span class='ocrx_word' id='word_1_72' title='bbox 1211 1711 1245 1771; x_wconf 89' lang='lat' dir='ltr'><strong>et</strong></span> <span class='ocrx_word' id='word_1_73' title='bbox 1267 1706 1344 1772; x_wconf 90' lang='lat' dir='ltr'><strong>inde</strong></span> <span class='ocrx_word' id='word_1_74' title='bbox 1375 1705 1529 1793; x_wconf 83' lang='lat' dir='ltr'><strong>prosequi</strong></span> 
     </span>
     <span class='ocr_line' id='line_1_16' title="bbox 475 1808 1530 1895; baseline 0.002 -23"><span class='ocrx_word' id='word_1_75' title='bbox 475 1808 650 1886; x_wconf 89' lang='lat' dir='ltr'><strong>voluerint,</strong></span> <span class='ocrx_word' id='word_1_76' title='bbox 675 1808 862 1889; x_wconf 78' lang='lat' dir='ltr'><strong>audientur,</strong></span> <span class='ocrx_word' id='word_1_77' title='bbox 890 1813 925 1875; x_wconf 87' lang='lat' dir='ltr'><strong>et</strong></span> <span class='ocrx_word' id='word_1_78' title='bbox 946 1809 1057 1874; x_wconf 87' lang='lat' dir='ltr'><strong>fiat</strong></span> <span class='ocrx_word' id='word_1_79' title='bbox 1029 1831 1076 1874; x_wconf 85' lang='lat' dir='ltr'><strong>ers</strong></span> <span class='ocrx_word' id='word_1_80' title='bbox 1107 1829 1205 1895; x_wconf 86' lang='lat' dir='ltr'><strong>super</strong></span> <span class='ocrx_word' id='word_1_81' title='bbox 1227 1808 1325 1874; x_wconf 91' lang='lat' dir='ltr'><strong>boc</strong></span> <span class='ocrx_word' id='word_1_82' title='bbox 1310 1829 1367 1894; x_wconf 87' lang='lat' dir='ltr'><strong>Jus</strong></span> <span class='ocrx_word' id='word_1_83' title='bbox 1369 1809 1470 1888; x_wconf 88' lang='lat' dir='ltr'><strong>titia;</strong></span> <span class='ocrx_word' id='word_1_84' title='bbox 1494 1813 1530 1874; x_wconf 89' lang='lat' dir='ltr'><strong>et</strong></span> 
     </span>
     <span class='ocr_line' id='line_1_17' title="bbox 476 1911 1529 1998; baseline 0.001 -24"><span class='ocrx_word' id='word_1_85' title='bbox 476 1911 538 1998; x_wconf 87' lang='lat' dir='ltr'><strong>ipsi</strong></span> <span class='ocrx_word' id='word_1_86' title='bbox 561 1911 746 1976; x_wconf 84' lang='lat' dir='ltr'><strong>Justiciarii</strong></span> <span class='ocrx_word' id='word_1_87' title='bbox 776 1917 956 1998; x_wconf 87' lang='lat' dir='ltr'><strong>sequentur</strong></span> <span class='ocrx_word' id='word_1_88' title='bbox 989 1933 1050 1998; x_wconf 91' lang='lat' dir='ltr'><strong>pro</strong></span> <span class='ocrx_word' id='word_1_89' title='bbox 1083 1911 1149 1976; x_wconf 86' lang='lat' dir='ltr'><strong>hiis</strong></span> <span class='ocrx_word' id='word_1_90' title='bbox 1180 1933 1255 1998; x_wconf 83' lang='lat' dir='ltr'><strong>quae</strong></span> <span class='ocrx_word' id='word_1_91' title='bbox 1277 1912 1321 1978; x_wconf 84' lang='lat' dir='ltr'><strong>cd</strong></span> <span class='ocrx_word' id='word_1_92' title='bbox 1344 1911 1529 1977; x_wconf 89' lang='lat' dir='ltr'><strong>Dominum</strong></span> 
     </span>
     <span class='ocr_line' id='line_1_18' title="bbox 476 2014 825 2101; baseline 0 -21"><span class='ocrx_word' id='word_1_93' title='bbox 476 2014 599 2101; x_wconf 84' lang='lat' dir='ltr'><strong>Regem</strong></span> <span class='ocrx_word' id='word_1_94' title='bbox 623 2015 825 2101; x_wconf 86' lang='lat' dir='ltr'><strong>contingent</strong></span> 
     </span>
    </p>

    <p class='ocr_par' dir='ltr' id='par_1_9' title="bbox 472 2115 1528 2512">
     <span class='ocr_line' id='line_1_19' title="bbox 519 2115 1528 2204; baseline -0.001 -22"><span class='ocrx_word' id='word_1_95' title='bbox 519 2116 571 2182; x_wconf 91' lang='lat' dir='ltr'><strong>De</strong></span> <span class='ocrx_word' id='word_1_96' title='bbox 610 2117 821 2204; x_wconf 83' lang='lat' dir='ltr'><strong>magnatibus</strong></span> <span class='ocrx_word' id='word_1_97' title='bbox 853 2117 1066 2182; x_wconf 88' lang='lat' dir='ltr'><strong>venientibus</strong></span> <span class='ocrx_word' id='word_1_98' title='bbox 1095 2115 1312 2204; x_wconf 79' lang='lat' dir='ltr'><strong>hospitaturis</strong></span> <span class='ocrx_word' id='word_1_99' title='bbox 1343 2116 1386 2182; x_wconf 84' lang='lat' dir='ltr'><strong>ad</strong></span> <span class='ocrx_word' id='word_1_100' title='bbox 1408 2117 1528 2182; x_wconf 89' lang='lat' dir='ltr'><strong>domos</strong></span> 
     </span>
     <span class='ocr_line' id='line_1_20' title="bbox 474 2219 1525 2308; baseline 0.002 -24"><span class='ocrx_word' id='word_1_101' title='bbox 474 2219 709 2306; x_wconf 84' lang='lat' dir='ltr'><strong>religiosorum,</strong></span> <span class='ocrx_word' id='word_1_102' title='bbox 726 2241 800 2287; x_wconf 91' lang='lat' dir='ltr'><strong>cum</strong></span> <span class='ocrx_word' id='word_1_103' title='bbox 818 2241 886 2285; x_wconf 91' lang='lat' dir='ltr'><strong>uon</strong></span> <span class='ocrx_word' id='word_1_104' title='bbox 907 2224 1017 2285; x_wconf 89' lang='lat' dir='ltr'><strong>essent</strong></span> <span class='ocrx_word' id='word_1_105' title='bbox 1039 2221 1191 2305; x_wconf 71' lang='lat' dir='ltr'><strong>requisiti</strong></span> <span class='ocrx_word' id='word_1_106' title='bbox 1205 2243 1264 2308; x_wconf 88' lang='lat' dir='ltr'><strong>per</strong></span> <span class='ocrx_word' id='word_1_107' title='bbox 1279 2221 1525 2308; x_wconf 77' lang='lat' dir='ltr'><strong>gubernatores,</strong></span> 
     </span>
     <span class='ocr_line' id='line_1_21' title="bbox 474 2322 1527 2411; baseline 0 -23"><span class='ocrx_word' id='word_1_108' title='bbox 474 2323 654 2388; x_wconf 88' lang='lat' dir='ltr'><strong>earundem</strong></span> <span class='ocrx_word' id='word_1_109' title='bbox 676 2323 720 2388; x_wconf 86' lang='lat' dir='ltr'><strong>ad</strong></span> <span class='ocrx_word' id='word_1_110' title='bbox 742 2327 872 2388; x_wconf 81' lang='lat' dir='ltr'><strong>austum</strong></span> <span class='ocrx_word' id='word_1_111' title='bbox 895 2322 948 2388; x_wconf 87' lang='lat' dir='ltr'><strong>vel</strong></span> <span class='ocrx_word' id='word_1_112' title='bbox 982 2322 1024 2386; x_wconf 84' lang='lat' dir='ltr'><strong>ad</strong></span> <span class='ocrx_word' id='word_1_113' title='bbox 1046 2328 1177 2389; x_wconf 88' lang='lat' dir='ltr'><strong>custum</strong></span> <span class='ocrx_word' id='word_1_114' title='bbox 1209 2324 1385 2411; x_wconf 88' lang='lat' dir='ltr'><strong>proprium,</strong></span> <span class='ocrx_word' id='word_1_115' title='bbox 1411 2329 1527 2388; x_wconf 88' lang='lat' dir='ltr'><strong>contra</strong></span> 
     </span>
     <span class='ocr_line' id='line_1_22' title="bbox 472 2425 1075 2512; baseline 0.002 -21"><span class='ocrx_word' id='word_1_116' title='bbox 472 2426 681 2492; x_wconf 87' lang='lat' dir='ltr'><strong>voluntatem</strong></span> <span class='ocrx_word' id='word_1_117' title='bbox 704 2448 816 2491; x_wconf 87' lang='lat' dir='ltr'><strong>eorum</strong></span> <span class='ocrx_word' id='word_1_118' title='bbox 838 2425 1075 2512; x_wconf 88' lang='lat' dir='ltr'><strong>religiosorum.</strong></span> 
     </span>
    </p>

    <p class='ocr_par' dir='ltr' id='par_1_10' title="bbox 472 2527 1543 3028">
     <span class='ocr_line' id='line_1_23' title="bbox 518 2527 1526 2615; baseline 0.001 -23"><span class='ocrx_word' id='word_1_119' title='bbox 518 2528 571 2593; x_wconf 85' lang='lat' dir='ltr'><strong>De</strong></span> <span class='ocrx_word' id='word_1_120' title='bbox 607 2529 672 2595; x_wconf 88' lang='lat' dir='ltr'><strong>hiis</strong></span> <span class='ocrx_word' id='word_1_121' title='bbox 704 2531 761 2615; x_wconf 93' lang='lat' dir='ltr'><strong>qui</strong></span> <span class='ocrx_word' id='word_1_122' title='bbox 795 2529 965 2595; x_wconf 86' lang='lat' dir='ltr'><strong>occasione</strong></span> <span class='ocrx_word' id='word_1_123' title='bbox 997 2529 1217 2615; x_wconf 88' lang='lat' dir='ltr'><strong>cujuscunque</strong></span> <span class='ocrx_word' id='word_1_124' title='bbox 1258 2529 1437 2607; x_wconf 86' lang='lat' dir='ltr'><strong>affinitatis,</strong></span> <span class='ocrx_word' id='word_1_125' title='bbox 1470 2527 1526 2614; x_wconf 69' lang='lat' dir='ltr'><strong>vel</strong></span> 
     </span>
     <span class='ocr_line' id='line_1_24' title="bbox 472 2631 1525 2718; baseline 0 -22"><span class='ocrx_word' id='word_1_126' title='bbox 472 2631 537 2696; x_wconf 91' lang='lat' dir='ltr'><strong>alia</strong></span> <span class='ocrx_word' id='word_1_127' title='bbox 551 2631 681 2696; x_wconf 88' lang='lat' dir='ltr'><strong>ratione</strong></span> <span class='ocrx_word' id='word_1_128' title='bbox 703 2653 904 2718; x_wconf 87' lang='lat' dir='ltr'><strong>quacunque,</strong></span> <span class='ocrx_word' id='word_1_129' title='bbox 928 2632 1118 2717; x_wconf 73' lang='lat' dir='ltr'><strong>fugaverint</strong></span> <span class='ocrx_word' id='word_1_130' title='bbox 1139 2632 1176 2696; x_wconf 91' lang='lat' dir='ltr'><strong>in</strong></span> <span class='ocrx_word' id='word_1_131' title='bbox 1198 2633 1312 2718; x_wconf 85' lang='lat' dir='ltr'><strong>parcis,</strong></span> <span class='ocrx_word' id='word_1_132' title='bbox 1328 2633 1383 2697; x_wconf 86' lang='lat' dir='ltr'><strong>vel</strong></span> <span class='ocrx_word' id='word_1_133' title='bbox 1405 2632 1525 2718; x_wconf 86' lang='lat' dir='ltr'><strong>piscati</strong></span> 
     </span>
     <span class='ocr_line' id='line_1_25' title="bbox 472 2733 1543 2830; baseline 0.004 -33"><span class='ocrx_word' id='word_1_134' title='bbox 472 2733 596 2798; x_wconf 87' lang='lat' dir='ltr'><strong>fuerint</strong></span> <span class='ocrx_word' id='word_1_135' title='bbox 618 2735 655 2797; x_wconf 91' lang='lat' dir='ltr'><strong>in</strong></span> <span class='ocrx_word' id='word_1_136' title='bbox 677 2733 817 2799; x_wconf 86' lang='lat' dir='ltr'><strong>vivariis</strong></span> <span class='ocrx_word' id='word_1_137' title='bbox 849 2735 997 2812; x_wconf 90' lang='lat' dir='ltr'><strong>aliorum,</strong></span> <span class='ocrx_word' id='word_1_138' title='bbox 1022 2735 1076 2801; x_wconf 87' lang='lat' dir='ltr'><strong>vel</strong></span> <span class='ocrx_word' id='word_1_139' title='bbox 1106 2735 1244 2821; x_wconf 81' lang='lat' dir='ltr'><strong>ingressi</strong></span> <span class='ocrx_word' id='word_1_140' title='bbox 1265 2735 1391 2800; x_wconf 85' lang='lat' dir='ltr'><strong>fuerint</strong></span> <span class='ocrx_word' id='word_1_141' title='bbox 1412 2757 1543 2830; x_wconf 59' lang='lat' dir='ltr'><strong>mane·</strong></span> 
     </span>
     <span class='ocr_line' id='line_1_26' title="bbox 472 2836 1525 2924; baseline 0.004 -25"><span class='ocrx_word' id='word_1_142' title='bbox 472 2836 560 2899; x_wconf 89' lang='lat' dir='ltr'><strong>rium</strong></span> <span class='ocrx_word' id='word_1_143' title='bbox 590 2836 812 2922; x_wconf 79' lang='lat' dir='ltr'><strong>praelatorum,</strong></span> <span class='ocrx_word' id='word_1_144' title='bbox 847 2837 902 2903; x_wconf 86' lang='lat' dir='ltr'><strong>vel</strong></span> <span class='ocrx_word' id='word_1_145' title='bbox 940 2837 1176 2924; x_wconf 90' lang='lat' dir='ltr'><strong>religiosorum,</strong></span> <span class='ocrx_word' id='word_1_146' title='bbox 1215 2837 1270 2902; x_wconf 88' lang='lat' dir='ltr'><strong>vel</strong></span> <span class='ocrx_word' id='word_1_147' title='bbox 1300 2838 1449 2916; x_wconf 85' lang='lat' dir='ltr'><strong>aliorum,</strong></span> <span class='ocrx_word' id='word_1_148' title='bbox 1482 2837 1525 2903; x_wconf 85' lang='lat' dir='ltr'><strong>ad</strong></span> 
     </span>
     <span class='ocr_line' id='line_1_27' title="bbox 472 2939 1526 3028; baseline 0.002 -24"><span class='ocrx_word' id='word_1_149' title='bbox 472 2939 740 3005; x_wconf 88' lang='lat' dir='ltr'><strong>commorandum</strong></span> <span class='ocrx_word' id='word_1_150' title='bbox 770 2940 824 3005; x_wconf 90' lang='lat' dir='ltr'><strong>vel</strong></span> <span class='ocrx_word' id='word_1_151' title='bbox 846 2939 1113 3028; x_wconf 82' lang='lat' dir='ltr'><strong>pernoctandum,</strong></span> <span class='ocrx_word' id='word_1_152' title='bbox 1142 2939 1213 3005; x_wconf 89' lang='lat' dir='ltr'><strong>sine</strong></span> <span class='ocrx_word' id='word_1_153' title='bbox 1235 2940 1369 3006; x_wconf 89' lang='lat' dir='ltr'><strong>licentia</strong></span> <span class='ocrx_word' id='word_1_154' title='bbox 1402 2947 1437 3006; x_wconf 89' lang='lat' dir='ltr'><strong>et</strong></span> <span class='ocrx_word' id='word_1_155' title='bbox 1467 2963 1526 3006; x_wconf 90' lang='lat' dir='ltr'><strong>vo-</strong></span> 
     </span>
    </p>
   </div>
   <div class='ocr_carea' id='block_1_9' title="bbox 464 3043 1525 3110">
    <p class='ocr_par' dir='ltr' id='par_1_11' title="bbox 464 3043 1525 3110">
     <span class='ocr_line' id='line_1_28' title="bbox 464 3043 1525 3110; baseline 0.001 -2"><span class='ocrx_word' id='word_1_156' title='bbox 464 3043 602 3109; x_wconf 84' lang='lat' dir='ltr'><strong>luntate</strong></span> <span class='ocrx_word' id='word_1_157' title='bbox 625 3043 833 3109; x_wconf 88' lang='lat' dir='ltr'><strong>dominorum</strong></span> <span class='ocrx_word' id='word_1_158' title='bbox 865 3043 917 3110; x_wconf 87' lang='lat' dir='ltr'><strong>vel</strong></span> <span class='ocrx_word' id='word_1_159' title='bbox 949 3043 1146 3110; x_wconf 74' lang='lat' dir='ltr'><strong>ballivorum</strong></span> <span class='ocrx_word' id='word_1_160' title='bbox 1180 3044 1359 3109; x_wconf 89' lang='lat' dir='ltr'><strong>eorundem</strong></span> <span class='ocrx_word' id='word_1_161' title='bbox 1383 3044 1525 3109; x_wconf 86' lang='lat' dir='ltr'><strong>maneri·</strong></span> 
     </span>
    </p>
   </div>
   <div class='ocr_carea' id='block_1_10' title="bbox 468 3144 1524 4878">
    <p class='ocr_par' dir='ltr' id='par_1_12' title="bbox 471 3144 1524 3337">
     <span class='ocr_line' id='line_1_29' title="bbox 471 3144 1524 3228; baseline -0.001 -16"><span class='ocrx_word' id='word_1_162' title='bbox 471 3167 575 3228; x_wconf 88' lang='lat' dir='ltr'><strong>orum,</strong></span> <span class='ocrx_word' id='word_1_163' title='bbox 598 3147 642 3212; x_wconf 89' lang='lat' dir='ltr'><strong>ad</strong></span> <span class='ocrx_word' id='word_1_164' title='bbox 664 3151 793 3212; x_wconf 84' lang='lat' dir='ltr'><strong>castum</strong></span> <span class='ocrx_word' id='word_1_165' title='bbox 816 3147 994 3212; x_wconf 82' lang='lat' dir='ltr'><strong>ecumdom</strong></span> <span class='ocrx_word' id='word_1_166' title='bbox 1020 3144 1229 3212; x_wconf 89' lang='lat' dir='ltr'><strong>dominorum</strong></span> <span class='ocrx_word' id='word_1_167' title='bbox 1251 3145 1305 3212; x_wconf 84' lang='lat' dir='ltr'><strong>vel</strong></span> <span class='ocrx_word' id='word_1_168' title='bbox 1327 3146 1371 3211; x_wconf 83' lang='lat' dir='ltr'><strong>ad</strong></span> <span class='ocrx_word' id='word_1_169' title='bbox 1392 3151 1524 3212; x_wconf 82' lang='lat' dir='ltr'><strong>castum</strong></span> 
     </span>
     <span class='ocr_line' id='line_1_30' title="bbox 471 3250 650 3337; baseline 0.006 -23"><span class='ocrx_word' id='word_1_170' title='bbox 471 3250 650 3337; x_wconf 81' lang='lat' dir='ltr'><strong>proprium.</strong></span> 
     </span>
    </p>

    <p class='ocr_par' dir='ltr' id='par_1_13' title="bbox 470 3351 1524 3746">
     <span class='ocr_line' id='line_1_31' title="bbox 515 3351 1524 3438; baseline 0.003 -22"><span class='ocrx_word' id='word_1_171' title='bbox 515 3352 566 3417; x_wconf 89' lang='lat' dir='ltr'><strong>De</strong></span> <span class='ocrx_word' id='word_1_172' title='bbox 588 3353 653 3417; x_wconf 90' lang='lat' dir='ltr'><strong>hiis</strong></span> <span class='ocrx_word' id='word_1_173' title='bbox 675 3353 735 3438; x_wconf 92' lang='lat' dir='ltr'><strong>qui</strong></span> <span class='ocrx_word' id='word_1_174' title='bbox 758 3373 911 3430; x_wconf 85' lang='lat' dir='ltr'><strong>serruras,</strong></span> <span class='ocrx_word' id='word_1_175' title='bbox 938 3351 1030 3430; x_wconf 88' lang='lat' dir='ltr'><strong>ostia,</strong></span> <span class='ocrx_word' id='word_1_176' title='bbox 1065 3351 1233 3431; x_wconf 84' lang='lat' dir='ltr'><strong>fenestras,</strong></span> <span class='ocrx_word' id='word_1_177' title='bbox 1258 3351 1312 3418; x_wconf 84' lang='lat' dir='ltr'><strong>vel</strong></span> <span class='ocrx_word' id='word_1_178' title='bbox 1339 3352 1524 3419; x_wconf 78' lang='lat' dir='ltr'><strong>consimilia</strong></span> 
     </span>
     <span class='ocr_line' id='line_1_32' title="bbox 470 3453 1521 3542; baseline 0.002 -24"><span class='ocrx_word' id='word_1_179' title='bbox 470 3453 628 3540; x_wconf 76' lang='lat' dir='ltr'><strong>fregerint</strong></span> <span class='ocrx_word' id='word_1_180' title='bbox 658 3455 713 3518; x_wconf 89' lang='lat' dir='ltr'><strong>vel</strong></span> <span class='ocrx_word' id='word_1_181' title='bbox 746 3455 944 3541; x_wconf 87' lang='lat' dir='ltr'><strong>aperuerint,</strong></span> <span class='ocrx_word' id='word_1_182' title='bbox 981 3475 1039 3518; x_wconf 88' lang='lat' dir='ltr'><strong>seu</strong></span> <span class='ocrx_word' id='word_1_183' title='bbox 1077 3455 1321 3542; x_wconf 79' lang='lat' dir='ltr'><strong>asportaverint</strong></span> <span class='ocrx_word' id='word_1_184' title='bbox 1353 3456 1521 3534; x_wconf 81' lang='lat' dir='ltr'><strong>victualia,</strong></span> 
     </span>
     <span class='ocr_line' id='line_1_33' title="bbox 471 3555 1523 3646; baseline 0.004 -26"><span class='ocrx_word' id='word_1_185' title='bbox 471 3555 525 3620; x_wconf 89' lang='lat' dir='ltr'><strong>vel</strong></span> <span class='ocrx_word' id='word_1_186' title='bbox 548 3555 614 3620; x_wconf 84' lang='lat' dir='ltr'><strong>alia</strong></span> <span class='ocrx_word' id='word_1_187' title='bbox 635 3556 772 3621; x_wconf 85' lang='lat' dir='ltr'><strong>inventa</strong></span> <span class='ocrx_word' id='word_1_188' title='bbox 787 3557 823 3621; x_wconf 92' lang='lat' dir='ltr'><strong>in</strong></span> <span class='ocrx_word' id='word_1_189' title='bbox 839 3556 935 3622; x_wconf 86' lang='lat' dir='ltr'><strong>dictis</strong></span> <span class='ocrx_word' id='word_1_190' title='bbox 950 3557 1105 3622; x_wconf 78' lang='lat' dir='ltr'><strong>maneriis</strong></span> <span class='ocrx_word' id='word_1_191' title='bbox 1128 3559 1328 3646; x_wconf 75' lang='lat' dir='ltr'><strong>susceperint</strong></span> <span class='ocrx_word' id='word_1_192' title='bbox 1350 3579 1408 3623; x_wconf 86' lang='lat' dir='ltr'><strong>seu</strong></span> <span class='ocrx_word' id='word_1_193' title='bbox 1430 3579 1523 3646; x_wconf 87' lang='lat' dir='ltr'><strong>oepe-</strong></span> 
     </span>
     <span class='ocr_line' id='line_1_34' title="bbox 470 3658 1173 3746; baseline 0.003 -24"><span class='ocrx_word' id='word_1_194' title='bbox 470 3659 547 3736; x_wconf 89' lang='lat' dir='ltr'><strong>rint,</strong></span> <span class='ocrx_word' id='word_1_195' title='bbox 572 3659 643 3724; x_wconf 86' lang='lat' dir='ltr'><strong>sive</strong></span> <span class='ocrx_word' id='word_1_196' title='bbox 666 3658 770 3725; x_wconf 91' lang='lat' dir='ltr'><strong>colore</strong></span> <span class='ocrx_word' id='word_1_197' title='bbox 794 3659 971 3746; x_wconf 88' lang='lat' dir='ltr'><strong>emptionis</strong></span> <span class='ocrx_word' id='word_1_198' title='bbox 994 3659 1048 3725; x_wconf 86' lang='lat' dir='ltr'><strong>vel</strong></span> <span class='ocrx_word' id='word_1_199' title='bbox 1071 3659 1173 3728; x_wconf 85' lang='lat' dir='ltr'><strong>aliter.</strong></span> 
     </span>
    </p>

    <p class='ocr_par' dir='ltr' id='par_1_14' title="bbox 469 3760 1522 4155">
     <span class='ocr_line' id='line_1_35' title="bbox 516 3760 1522 3849; baseline 0.004 -23"><span class='ocrx_word' id='word_1_200' title='bbox 516 3760 569 3826; x_wconf 85' lang='lat' dir='ltr'><strong>Dc</strong></span> <span class='ocrx_word' id='word_1_201' title='bbox 590 3761 655 3826; x_wconf 89' lang='lat' dir='ltr'><strong>hiis</strong></span> <span class='ocrx_word' id='word_1_202' title='bbox 679 3763 736 3847; x_wconf 92' lang='lat' dir='ltr'><strong>qui</strong></span> <span class='ocrx_word' id='word_1_203' title='bbox 766 3761 918 3827; x_wconf 88' lang='lat' dir='ltr'><strong>triturari</strong></span> <span class='ocrx_word' id='word_1_204' title='bbox 947 3761 1002 3828; x_wconf 86' lang='lat' dir='ltr'><strong>vel</strong></span> <span class='ocrx_word' id='word_1_205' title='bbox 1031 3762 1103 3849; x_wconf 89' lang='lat' dir='ltr'><strong>capi</strong></span> <span class='ocrx_word' id='word_1_206' title='bbox 1126 3762 1261 3828; x_wconf 84' lang='lat' dir='ltr'><strong>fecerint</strong></span> <span class='ocrx_word' id='word_1_207' title='bbox 1283 3761 1389 3843; x_wconf 77' lang='lat' dir='ltr'><strong>blada,</strong></span> <span class='ocrx_word' id='word_1_208' title='bbox 1413 3764 1522 3832; x_wconf 85' lang='lat' dir='ltr'><strong>victu-</strong></span> 
     </span>
     <span class='ocr_line' id='line_1_36' title="bbox 470 3863 1522 3952; baseline 0.004 -23"><span class='ocrx_word' id='word_1_209' title='bbox 470 3863 543 3942; x_wconf 88' lang='lat' dir='ltr'><strong>alia,</strong></span> <span class='ocrx_word' id='word_1_210' title='bbox 567 3864 622 3929; x_wconf 88' lang='lat' dir='ltr'><strong>vel</strong></span> <span class='ocrx_word' id='word_1_211' title='bbox 645 3863 709 3928; x_wconf 82' lang='lat' dir='ltr'><strong>clia</strong></span> <span class='ocrx_word' id='word_1_212' title='bbox 741 3863 837 3942; x_wconf 88' lang='lat' dir='ltr'><strong>bona,</strong></span> <span class='ocrx_word' id='word_1_213' title='bbox 873 3864 1095 3951; x_wconf 81' lang='lat' dir='ltr'><strong>praelatorum,</strong></span> <span class='ocrx_word' id='word_1_214' title='bbox 1119 3865 1353 3952; x_wconf 90' lang='lat' dir='ltr'><strong>religiosorum,</strong></span> <span class='ocrx_word' id='word_1_215' title='bbox 1386 3866 1440 3932; x_wconf 87' lang='lat' dir='ltr'><strong>vel</strong></span> <span class='ocrx_word' id='word_1_216' title='bbox 1462 3868 1522 3934; x_wconf 86' lang='lat' dir='ltr'><strong>ali-</strong></span> 
     </span>
     <span class='ocr_line' id='line_1_37' title="bbox 470 3966 1521 4054; baseline 0.006 -22"><span class='ocrx_word' id='word_1_217' title='bbox 470 3989 573 4047; x_wconf 91' lang='lat' dir='ltr'><strong>orum,</strong></span> <span class='ocrx_word' id='word_1_218' title='bbox 599 3966 661 4032; x_wconf 91' lang='lat' dir='ltr'><strong>sub</strong></span> <span class='ocrx_word' id='word_1_219' title='bbox 683 3966 789 4032; x_wconf 90' lang='lat' dir='ltr'><strong>colore</strong></span> <span class='ocrx_word' id='word_1_220' title='bbox 813 3967 990 4053; x_wconf 89' lang='lat' dir='ltr'><strong>emptionis</strong></span> <span class='ocrx_word' id='word_1_221' title='bbox 1013 3967 1068 4032; x_wconf 88' lang='lat' dir='ltr'><strong>vel</strong></span> <span class='ocrx_word' id='word_1_222' title='bbox 1090 3967 1187 4034; x_wconf 86' lang='lat' dir='ltr'><strong>aliter</strong></span> <span class='ocrx_word' id='word_1_223' title='bbox 1210 3989 1310 4054; x_wconf 87' lang='lat' dir='ltr'><strong>quam</strong></span> <span class='ocrx_word' id='word_1_224' title='bbox 1342 3969 1521 4038; x_wconf 86' lang='lat' dir='ltr'><strong>voluntate</strong></span> 
     </span>
     <span class='ocr_line' id='line_1_38' title="bbox 469 4069 1085 4155; baseline -0.002 -19"><span class='ocrx_word' id='word_1_225' title='bbox 469 4091 582 4136; x_wconf 82' lang='lat' dir='ltr'><strong>comm</strong></span> <span class='ocrx_word' id='word_1_226' title='bbox 605 4091 744 4155; x_wconf 91' lang='lat' dir='ltr'><strong>quorum</strong></span> <span class='ocrx_word' id='word_1_227' title='bbox 766 4069 854 4134; x_wconf 88' lang='lat' dir='ltr'><strong>bona</strong></span> <span class='ocrx_word' id='word_1_228' title='bbox 875 4069 933 4133; x_wconf 88' lang='lat' dir='ltr'><strong>illa</strong></span> <span class='ocrx_word' id='word_1_229' title='bbox 954 4069 1085 4135; x_wconf 83' lang='lat' dir='ltr'><strong>firerint</strong></span> 
     </span>
    </p>

    <p class='ocr_par' dir='ltr' id='par_1_15' title="bbox 468 4171 1522 4570">
     <span class='ocr_line' id='line_1_39' title="bbox 515 4171 1522 4259; baseline 0.002 -20"><span class='ocrx_word' id='word_1_230' title='bbox 515 4173 568 4239; x_wconf 89' lang='lat' dir='ltr'><strong>De</strong></span> <span class='ocrx_word' id='word_1_231' title='bbox 588 4172 653 4238; x_wconf 90' lang='lat' dir='ltr'><strong>hiis</strong></span> <span class='ocrx_word' id='word_1_232' title='bbox 677 4173 734 4259; x_wconf 89' lang='lat' dir='ltr'><strong>qui</strong></span> <span class='ocrx_word' id='word_1_233' title='bbox 759 4171 905 4258; x_wconf 77' lang='lat' dir='ltr'><strong>ceperint</strong></span> <span class='ocrx_word' id='word_1_234' title='bbox 929 4192 1036 4258; x_wconf 88' lang='lat' dir='ltr'><strong>equos,</strong></span> <span class='ocrx_word' id='word_1_235' title='bbox 1062 4173 1170 4252; x_wconf 83' lang='lat' dir='ltr'><strong>boves,</strong></span> <span class='ocrx_word' id='word_1_236' title='bbox 1191 4194 1306 4252; x_wconf 86' lang='lat' dir='ltr'><strong>carros,</strong></span> <span class='ocrx_word' id='word_1_237' title='bbox 1331 4195 1441 4254; x_wconf 88' lang='lat' dir='ltr'><strong>naves,</strong></span> <span class='ocrx_word' id='word_1_238' title='bbox 1466 4175 1522 4241; x_wconf 82' lang='lat' dir='ltr'><strong>vel</strong></span> 
     </span>
     <span class='ocr_line' id='line_1_40' title="bbox 468 4274 1522 4360; baseline 0.001 -17"><span class='ocrx_word' id='word_1_239' title='bbox 468 4275 615 4355; x_wconf 80' lang='lat' dir='ltr'><strong>botellos,</strong></span> <span class='ocrx_word' id='word_1_240' title='bbox 652 4275 694 4340; x_wconf 85' lang='lat' dir='ltr'><strong>ad</strong></span> <span class='ocrx_word' id='word_1_241' title='bbox 724 4274 904 4360; x_wconf 79' lang='lat' dir='ltr'><strong>coriagium</strong></span> <span class='ocrx_word' id='word_1_242' title='bbox 934 4275 1128 4354; x_wconf 84' lang='lat' dir='ltr'><strong>faciendum,</strong></span> <span class='ocrx_word' id='word_1_243' title='bbox 1151 4275 1222 4341; x_wconf 88' lang='lat' dir='ltr'><strong>sine</strong></span> <span class='ocrx_word' id='word_1_244' title='bbox 1250 4276 1384 4344; x_wconf 86' lang='lat' dir='ltr'><strong>licentia</strong></span> <span class='ocrx_word' id='word_1_245' title='bbox 1408 4299 1522 4344; x_wconf 85' lang='lat' dir='ltr'><strong>eorum</strong></span> 
     </span>
     <span class='ocr_line' id='line_1_41' title="bbox 470 4376 1522 4468; baseline 0.003 -23"><span class='ocrx_word' id='word_1_246' title='bbox 470 4401 609 4465; x_wconf 87' lang='lat' dir='ltr'><strong>quorum</strong></span> <span class='ocrx_word' id='word_1_247' title='bbox 630 4379 703 4464; x_wconf 89' lang='lat' dir='ltr'><strong>ipsa</strong></span> <span class='ocrx_word' id='word_1_248' title='bbox 733 4376 859 4443; x_wconf 81' lang='lat' dir='ltr'><strong>fuerint</strong></span> <span class='ocrx_word' id='word_1_249' title='bbox 872 4384 961 4459; x_wconf 82' lang='lat' dir='ltr'><strong>3-et</strong></span> <span class='ocrx_word' id='word_1_250' title='bbox 983 4380 1012 4443; x_wconf 91' lang='lat' dir='ltr'><strong>si</strong></span> <span class='ocrx_word' id='word_1_251' title='bbox 1035 4379 1076 4445; x_wconf 88' lang='lat' dir='ltr'><strong>de</strong></span> <span class='ocrx_word' id='word_1_252' title='bbox 1097 4379 1279 4460; x_wconf 86' lang='lat' dir='ltr'><strong>voluntate,</strong></span> <span class='ocrx_word' id='word_1_253' title='bbox 1304 4380 1345 4446; x_wconf 87' lang='lat' dir='ltr'><strong>dc</strong></span> <span class='ocrx_word' id='word_1_254' title='bbox 1376 4381 1440 4446; x_wconf 90' lang='lat' dir='ltr'><strong>hiis</strong></span> <span class='ocrx_word' id='word_1_255' title='bbox 1463 4383 1522 4468; x_wconf 93' lang='lat' dir='ltr'><strong>qui</strong></span> 
     </span>
     <span class='ocr_line' id='line_1_42' title="bbox 468 4479 1409 4570; baseline 0.002 -22"><span class='ocrx_word' id='word_1_256' title='bbox 468 4504 536 4548; x_wconf 86' lang='lat' dir='ltr'><strong>non</strong></span> <span class='ocrx_word' id='word_1_257' title='bbox 558 4479 776 4547; x_wconf 76' lang='lat' dir='ltr'><strong>satisfecerint</strong></span> <span class='ocrx_word' id='word_1_258' title='bbox 798 4480 839 4546; x_wconf 89' lang='lat' dir='ltr'><strong>dc</strong></span> <span class='ocrx_word' id='word_1_259' title='bbox 857 4483 1073 4549; x_wconf 87' lang='lat' dir='ltr'><strong>conventione</strong></span> <span class='ocrx_word' id='word_1_260' title='bbox 1096 4481 1184 4548; x_wconf 86' lang='lat' dir='ltr'><strong>facta</strong></span> <span class='ocrx_word' id='word_1_261' title='bbox 1205 4483 1293 4547; x_wconf 85' lang='lat' dir='ltr'><strong>inter</strong></span> <span class='ocrx_word' id='word_1_262' title='bbox 1315 4482 1409 4570; x_wconf 90' lang='lat' dir='ltr'><strong>ipsos.</strong></span> 
     </span>
    </p>

    <p class='ocr_par' dir='ltr' id='par_1_16' title="bbox 468 4584 1520 4878">
     <span class='ocr_line' id='line_1_43' title="bbox 515 4584 1520 4672; baseline 0.005 -24"><span class='ocrx_word' id='word_1_263' title='bbox 515 4585 566 4650; x_wconf 89' lang='lat' dir='ltr'><strong>Dc</strong></span> <span class='ocrx_word' id='word_1_264' title='bbox 597 4584 661 4649; x_wconf 89' lang='lat' dir='ltr'><strong>hiis</strong></span> <span class='ocrx_word' id='word_1_265' title='bbox 704 4585 762 4670; x_wconf 90' lang='lat' dir='ltr'><strong>qui</strong></span> <span class='ocrx_word' id='word_1_266' title='bbox 792 4584 975 4650; x_wconf 88' lang='lat' dir='ltr'><strong>vindictam</strong></span> <span class='ocrx_word' id='word_1_267' title='bbox 1011 4584 1148 4651; x_wconf 87' lang='lat' dir='ltr'><strong>fecerint</strong></span> <span class='ocrx_word' id='word_1_268' title='bbox 1182 4585 1438 4672; x_wconf 77' lang='lat' dir='ltr'><strong>quibuscunque,</strong></span> <span class='ocrx_word' id='word_1_269' title='bbox 1480 4610 1520 4653; x_wconf 93' lang='lat' dir='ltr'><strong>eo</strong></span> 
     </span>
     <span class='ocr_line' id='line_1_44' title="bbox 469 4685 1520 4776; baseline 0.004 -24"><span class='ocrx_word' id='word_1_270' title='bbox 469 4689 557 4776; x_wconf 90' lang='lat' dir='ltr'><strong>quod</strong></span> <span class='ocrx_word' id='word_1_271' title='bbox 572 4709 659 4753; x_wconf 85' lang='lat' dir='ltr'><strong>escas</strong></span> <span class='ocrx_word' id='word_1_272' title='bbox 674 4686 729 4752; x_wconf 87' lang='lat' dir='ltr'><strong>vel</strong></span> <span class='ocrx_word' id='word_1_273' title='bbox 744 4685 926 4774; x_wconf 85' lang='lat' dir='ltr'><strong>hospitium</strong></span> <span class='ocrx_word' id='word_1_274' title='bbox 941 4687 1005 4754; x_wconf 89' lang='lat' dir='ltr'><strong>sibi</strong></span> <span class='ocrx_word' id='word_1_275' title='bbox 1020 4686 1237 4774; x_wconf 81' lang='lat' dir='ltr'><strong>negaverint3</strong></span> <span class='ocrx_word' id='word_1_276' title='bbox 1260 4692 1295 4753; x_wconf 89' lang='lat' dir='ltr'><strong>et</strong></span> <span class='ocrx_word' id='word_1_277' title='bbox 1312 4689 1464 4754; x_wconf 87' lang='lat' dir='ltr'><strong>similiter</strong></span> <span class='ocrx_word' id='word_1_278' title='bbox 1478 4690 1520 4756; x_wconf 89' lang='lat' dir='ltr'><strong>dc</strong></span> 
     </span>
     <span class='ocr_line' id='line_1_45' title="bbox 468 4789 1520 4878; baseline 0.003 -22"><span class='ocrx_word' id='word_1_279' title='bbox 468 4791 532 4856; x_wconf 89' lang='lat' dir='ltr'><strong>hiis</strong></span> <span class='ocrx_word' id='word_1_280' title='bbox 552 4790 610 4876; x_wconf 90' lang='lat' dir='ltr'><strong>qui</strong></span> <span class='ocrx_word' id='word_1_281' title='bbox 631 4789 815 4856; x_wconf 84' lang='lat' dir='ltr'><strong>vindictam</strong></span> <span class='ocrx_word' id='word_1_282' title='bbox 837 4789 984 4870; x_wconf 87' lang='lat' dir='ltr'><strong>fecerint,</strong></span> <span class='ocrx_word' id='word_1_283' title='bbox 1001 4789 1143 4877; x_wconf 92' lang='lat' dir='ltr'><strong>eoquod</strong></span> <span class='ocrx_word' id='word_1_284' title='bbox 1165 4789 1268 4878; x_wconf 86' lang='lat' dir='ltr'><strong>aliqui</strong></span> <span class='ocrx_word' id='word_1_285' title='bbox 1288 4791 1399 4878; x_wconf 88' lang='lat' dir='ltr'><strong>aliquo</strong></span> <span class='ocrx_word' id='word_1_286' title='bbox 1421 4791 1520 4858; x_wconf 89' lang='lat' dir='ltr'><strong>modo</strong></span> 
     </span>
    </p>
   </div>
   <div class='ocr_carea' id='block_1_11' title="bbox 0 0 1736 5836">
    <p class='ocr_par' dir='ltr' id='par_1_17' title="bbox 0 0 1736 5836">
     <span class='ocr_line' id='line_1_46' title="bbox 0 0 1736 5836; baseline 0 4"><span class='ocrx_word' id='word_1_287' title='bbox 0 0 1736 5836; x_wconf 95' lang='lat' dir='ltr'><strong> </strong></span> 
     </span>
    </p>
   </div>
  </div>
 </body>
</html>
