3462 5836
433 867 501 932 398
785 883 890 936 amna
910 885 1154 938 manum
1268 871 1329 958 [14
1345 887 1437 938 nnw.
1454 889 1494 940 m

432 1079 451 1104 “
473 1067 638 1146 Madia
654 1075 690 1136 et
713 1071 789 1136 aliis
811 1071 1077 1137 ordinatimibm
1102 1073 1290 1160 ιιιᾱᾳυὶὴιε
1312 1095 1374 1162 pm
1399 1096 1493 1140 com·

433 1181 450 1206 “
473 1173 731 1258 mnniejuedem
753 1173 901 1239 dvitntis
927 1174 1076 1240 utilitate
1100 1175 1270 1242 incudem
1291 1177 1491 1242 conutitutis

433 1283 451 1310 ‘²
474 1277 654 1355 contrariis,
681 1277 939 1344 manutenendis
959 1277 1233 1344 etddendendia
1276 1279 1348 1345 Noa
1370 1280 1488 1367 igitur,

434 1389 451 1413 ‘⁵
474 1380 619 1446 nobiaet
641 1379 764 1468 populo
787 1381 1254 1468 regninostlipwjudiclnlin
1274 1381 1488 1450 ctdamnom

433 1493 451 1518 ‘¹
474 1485 637 1550 sustinere
671 1485 831 1564 nolmtes,
869 1485 1054 1572 presertim
1092 1505 1169 1550 cnm
1210 1485 1401 1573 hujumodi
1432 1507 1486 1550 or-

433 1595 451 1620 “
474 1585 661 1653 dinationes
695 1587 737 1653 de
776 1609 864 1653 novo
893 1609 992 1674 super
1033 1589 1227 1654 venditione
1264 1589 1403 1675 pisdnm
1449 1593 1486 1654 et

433 1697 451 1724 “
473 1688 613 1754 aliorum
648 1689 843 1754 victualium
869 1690 906 1754 in
935 1691 1050 1756 eadem
1080 1691 1217 1756 dvitate
1247 1691 1321 1755 eine
1347 1711 1483 1756 mensu

433 1801 450 1826 “
473 1797 586 1858 nostro
616 1797 652 1858 et
687 1791 826 1858 Consilii
858 1793 965 1858 nostri
988 1793 1060 1860 fieri
1082 1815 1151 1859 non
1177 1793 1321 1877 debent
1349 1794 1483 1879 quovis-

431 1905 449 1928 “
473 1894 709 1962 modo—vobis
731 1895 935 1973 mandamns,
963 1895 1052 1982 quod
1077 1897 1192 1962 venire
1221 1896 1350 1961 faciatis
1371 1915 1483 1960 coram

430 2006 448 2034 ‘⁴
473 1997 568 2064 vobis
582 2019 696 2064 omnes
712 1999 851 2064 Botnloe
872 2019 971 2086 nuper
992 1999 1141 2064 mliculie
1162 1999 1204 2066 de
1218 1997 1484 2065 ordinationibus

430 2113 447 2137 “
471 2101 618 2188 antiquis
644 2106 680 2167 et
701 2103 804 2180 novis,
829 2121 890 2188 per
911 2123 994 2188 quos
1015 2103 1097 2167 dicti
1131 2103 1305 2189 pincenarii
1330 2105 1484 2168 munt

431 2215 448 2240 “
471 2226 505 2270 se
531 2211 643 2272 tenere
673 2204 808 2270 Curiam
832 2225 926 2270 snam
953 2205 995 2272 de
1033 2203 1185 2270 Halimot
1209 2204 1408 2292 praedirum,
1448 2210 1485 2270 et

431 2317 449 2342 “
472 2307 572 2374 etiam
595 2307 756 2373 ballivum
772 2307 882 2374 Ouriae
896 2308 1073 2394 praedictae,
1092 2307 1146 2373 vel
1162 2307 1232 2394 ejus
1245 2308 1353 2374 locum
1367 2312 1485 2372 tenen-

431 2419 447 2446 “
472 2415 549 2489 tem,
566 2411 595 2476 ei
610 2431 645 2476 se
670 2411 773 2498 gratis
795 2411 1029 2492 absentaverit,
1044 2411 1116 2476 sine
1130 2410 1290 2476 dilatione
1304 2411 1341 2475 in
1356 2409 1482 2476 Itinere

430 2519 448 2548 ‘⁶
472 2519 583 2580 vestro
610 2513 777 2600 predicto.
833 2512 890 2578 Ita
911 2513 1000 2599 quod
1029 2513 1119 2579 idem
1148 2511 1300 2591 ballivus,
1327 2512 1382 2578 val
1410 2513 1481 2598 ejus

428 2617 579 2681 “locum
602 2623 728 2696 tenens,
756 2616 879 2683 habeat
906 2637 1016 2681 coram
1044 2615 1140 2682 vobis
1169 2617 1306 2681 nomina
1334 2615 1480 2680 omnium

430 2725 447 2750 “
470 2717 724 2804 pincenariorum
746 2719 804 2805 qui
827 2719 871 2784 ed
896 2718 1018 2784 dictam
1042 2717 1179 2783 Curiam
1201 2719 1379 2782 tenendam
1401 2723 1482 2782 sunt

286 2828 394 2874 Eme
428 2826 446 2855 ‘⁵
465 2819 580 2904 jurati,
596 2819 651 2885 vel
677 2819 743 2886 alio
769 2821 868 2887 modo
883 2821 988 2909 ligati,
1009 2827 1044 2887 et
1066 2826 1137 2886 tam
1163 2821 1359 2907 praedictum
1386 2819 1481 2886 belli·

429 2931 447 2958 “
471 2943 559 3002 vum,
594 2922 649 2988 vel
678 2923 750 3009 ejus
784 2923 892 2990 locum
927 2927 1106 3003 tenentem,
1144 2945 1245 3010 quam
1281 2923 1481 3010 pincenarios

430 3033 447 3059 “
471 3025 652 3113 praedictos,
669 3027 876 3092 examinatos
898 3027 1076 3113 seperatim
1098 3047 1163 3113 quo
1177 3033 1346 3093 warranto
1367 3026 1480 3114 hujus·

430 3138 446 3164 “
470 3131 558 3198 modi
574 3129 709 3197 Curiam
730 3135 857 3211 tenent,
873 3134 908 3196 et
928 3129 1119 3216 hujusmodi
1141 3129 1363 3196 ordinationes
1377 3150 1481 3195 noves

429 3241 446 3266 “
470 3233 616 3310 iecerint,
641 3237 676 3298 et
701 3255 761 3319 per
785 3253 866 3319 quos
895 3232 951 3299 vel
980 3253 1086 3318 quem,
1112 3236 1147 3300 et
1176 3253 1235 3320 per
1260 3253 1399 3319 quornm
1424 3233 1481 3299 vel

428 3343 445 3369 “
469 3335 570 3420 eujus,
605 3335 878 3421 procurationem,
906 3339 941 3400 et
971 3333 1123 3422 qualiter,
1154 3339 1190 3400 et
1219 3335 1406 3420 quomodo;
1444 3341 1481 3402 et

427 3445 445 3472 “
469 3437 578 3517 etiam,
591 3459 651 3524 per
665 3459 755 3524 quos,
765 3442 801 3503 et
815 3459 874 3524 per
889 3459 1028 3523 quorum
1043 3437 1317 3524 procurationem,
1329 3437 1481 3504 venditio

428 3545 446 3574 “
469 3539 577 3608 alleois
608 3545 643 3606 et
671 3541 810 3626 piscium
839 3561 936 3628 snper
974 3539 1115 3626 Koyam,
1142 3560 1218 3626 qum
1250 3545 1388 3607 vocatur
1421 3539 1481 3606 “le

429 3650 445 3676 ‘¹
471 3649 489 3676 “
503 3641 722 3728 lictorum?
752 3643 788 3708 in
810 3641 921 3730 shopis
941 3643 1197 3729 piscenariomm
1220 3642 1367 3729 ejusdem
1382 3642 1482 3709 Kaiae

429 3753 446 3778 ‘¹
469 3743 583 3812 allecia
605 3750 639 3811 et
665 3744 730 3809 alia
756 3765 878 3831 genera
903 3745 1041 3831 piscium
1068 3745 1112 3810 od
1139 3745 1260 3813 Keiam
1285 3744 1481 3832 predictam

322 3877 328 3886 ¹
427 3853 445 3882 “
468 3867 525 3934 per
546 3867 647 3912 neves
661 3867 738 3913 suas
761 3846 961 3927 ducentium,
978 3869 1037 3934 per
1059 3847 1224 3914 retelliam
1238 3847 1293 3914 vel
1315 3848 1351 3914 in
1366 3869 1481 3936 grosso

428 3957 445 3984 ‘⁴
469 3947 625 4027 facienda,
644 3949 716 4035 jam
740 3948 781 4016 do
803 3969 892 4016 novo
916 3949 1089 4018 inhibetur
1112 3955 1147 4016 et
1169 3949 1359 4036 impeditur,
1382 3950 1482 4016 aliter

428 4060 445 4088 “
469 4073 568 4138 quam
609 4050 768 4122 hactenus
817 4051 890 4117 fieri
944 4053 1138 4134 consuevit;
1189 4053 1316 4120 desiout
1357 4053 1481 4141 pluries

427 4161 444 4190 “
468 4153 587 4240 Majori
617 4159 651 4220 et
677 4153 934 4220 Vioecomitibus
968 4155 1116 4221 civitatis
1145 4154 1313 4241 predictae
1341 4155 1479 4222 mande·

428 4265 444 4292 “
468 4257 584 4324 vimus.
629 4254 676 4324 Et
697 4257 799 4323 etiam
822 4277 930 4324 coram
955 4256 1051 4322 nobis
1075 4257 1204 4343 injungi
1218 4255 1361 4336 fecimus,
1389 4257 1480 4344 quod

427 4365 445 4396 “
468 4359 511 4426 ab
535 4359 726 4446 hujusmodi
758 4359 1004 4448 impedimentis
1042 4358 1188 4446 praefatis
1226 4359 1414 4446 pincenariis
1436 4359 1480 4426 de

428 4469 445 4498 “
469 4460 558 4528 Kale
583 4461 741 4550 praedicta
775 4461 931 4528 radenda
958 4461 1161 4540 desisterent,
1193 4465 1227 4528 et
1252 4461 1341 4549 ipsae
1365 4460 1481 4528 allecia

428 4569 447 4600 “
469 4569 503 4630 st
525 4564 591 4630 elia
604 4585 725 4651 genera
743 4564 894 4652 piscium,
909 4585 968 4650 per
983 4563 1073 4649 ipsos
1088 4565 1130 4629 ad
1146 4563 1267 4630 Kaiam
1283 4564 1479 4652 praedictam

430 4673 447 4700 “
471 4665 581 4746 ducta,
619 4667 761 4732 vendere
808 4666 1047 4753 permitterent,
1087 4671 1187 4753 prout
1232 4671 1332 4734 entea
1372 4665 1480 4734 focem

429 4775 447 4804 “
466 4771 712 4834 consueverunt.
759 4767 806 4834 Et
829 4769 937 4849 etiam,
955 4761 1315 4858 per'examinationom
1336 4769 1480 4848 eliorum
