3600 5822
448 865 513 930 250
796 880 898 928 meaa
920 877 1167 930 cusruulauu
1377 863 1409 950 [l
1428 879 1503 928 Jos.

450 1074 468 1101 “
490 1063 671 1131 finabiliter
701 1063 744 1131 de
783 1065 878 1132 nobis
901 1071 935 1133 et
957 1065 1144 1133 haeredibus
1176 1064 1305 1145 nostris,
1339 1065 1506 1130 reddendo

449 1175 465 1205 “
493 1168 571 1235 inde
592 1169 766 1235 annuatim
788 1170 885 1236 nobis
909 1173 944 1235 et
967 1169 1154 1236 lraeredibus
1188 1168 1311 1235 nostris
1334 1189 1388 1234 ccc
1408 1167 1503 1234 libris

448 1279 465 1308 “
489 1272 720 1360 sterlingorum
735 1272 935 1352 blancorum,
952 1273 1080 1339 duobus
1102 1272 1252 1338 terminis
1274 1270 1363 1349 anni,
1379 1270 1503 1336 scilicet

450 1381 467 1412 ‘⁶
490 1375 533 1440 ed
567 1375 774 1442 Scaccarium
805 1375 939 1442 Paschae
961 1397 979 1440 o
1000 1381 1035 1442 et
1057 1374 1070 1438 l
1091 1373 1200 1453 libras,
1225 1378 1259 1439 et
1293 1371 1336 1439 ad
1370 1373 1501 1439 Scacca-

448 1485 467 1514 “
489 1479 576 1544 rium
592 1479 706 1545 Sancti
722 1477 893 1544 Michaelis
910 1499 928 1543 c
943 1479 1002 1543 etl
1015 1477 1137 1559 libras;
1153 1476 1253 1542 salvis
1268 1476 1398 1543 civibus
1414 1476 1501 1542 Lon·

450 1589 467 1616 “
490 1581 665 1648 doniarum
688 1581 842 1647 omnibus
864 1579 1076 1646 libertatibus
1099 1586 1134 1646 et
1156 1579 1269 1646 liberis
1292 1578 1499 1646 consuetudi-

449 1685 590 1752 “nibus
622 1683 696 1750 suis
754 1685 801 1749 Et
833 1688 995 1771 praeterea
1016 1681 1233 1750 concessimus
1266 1682 1393 1748 civibus
1416 1682 1503 1747 Lon·

449 1795 467 1824 ‘⁴
492 1787 675 1865 doniarum,
700 1785 789 1874 quod
810 1786 875 1873 ipsi
908 1786 949 1852 dc
981 1787 1096 1874 seipsis
1127 1786 1251 1853 faciant
1276 1785 1502 1865 Vioecomites,

452 1897 469 1925 “
492 1911 702 1976 quoscunque
724 1889 899 1968 voluerint,
917 1893 952 1955 et
975 1893 1152 1956 amoveant
1167 1887 1300 1975 quando
1314 1887 1482 1954 voluerint
1492 1909 1501 1966 ;

451 2000 468 2029 “
491 1998 526 2059 et
541 2015 596 2059 eos
618 2015 701 2080 quos
727 1991 866 2058 fecerint
881 1992 1106 2070 Vicecomitea
1131 1995 1332 2079 praesentent
1346 1989 1502 2056 Justicia-

449 2103 467 2132 “
490 2096 548 2162 riis
563 2097 693 2176 nostris,
709 2095 768 2182 qui
783 2095 1003 2183 respondeant
1019 2095 1122 2174 nobis,
1142 2093 1196 2160 vel
1211 2094 1235 2160 J
1236 2093 1412 2160 usticiariis
1426 2114 1501 2158 nos-

451 2205 469 2235 “
491 2199 554 2266 tris
569 2200 612 2264 ad
628 2198 831 2265 Scaccorium
846 2202 1004 2277 nostrum,
1022 2198 1063 2263 de
1078 2197 1143 2262 hiis
1157 2217 1232 2283 qum
1247 2197 1291 2262 ad
1306 2195 1501 2282 praedictum

450 2309 468 2339 ‘¹
492 2302 767 2368 vicecomitatum
793 2301 970 2389 pertinent,
987 2321 1030 2367 ex
1052 2299 1172 2387 quibus
1194 2298 1291 2365 nobis
1305 2299 1501 2386 respondero

451 2413 468 2439 “
491 2405 620 2471 debent.
667 2405 713 2470 Et
735 2405 800 2469 nisi
834 2403 1032 2469 sufficienter
1060 2401 1289 2491 responderint
1318 2408 1353 2468 et
1374 2401 1500 2468 satisfe-

491 2509 605 2590 cerint,
621 2507 708 2574 cives
732 2505 978 2572 Londoniarum
1001 2504 1220 2592 respondeant
1241 2509 1277 2570 et
1298 2503 1502 2571 satisfaciant

451 2619 469 2644 ‘¹
491 2611 532 2676 de
554 2607 777 2676 misericordia
799 2616 834 2675 et
859 2609 975 2686 firmaa
1014 2607 1117 2674 salvis
1150 2608 1272 2674 eisdem
1303 2608 1431 2674 civibus
1462 2607 1501 2672 li-

451 2713 676 2780 “hortatibus
701 2713 776 2792 suis,
800 2712 886 2778 sicut
915 2711 1108 2799 praedictum
1134 2715 1193 2790 est,
1225 2713 1260 2776 et
1282 2711 1383 2776 salvia
1406 2709 1500 2777 Vice-

450 2815 665 2883 “comitibus
696 2815 820 2882 eisdem
852 2815 1066 2881 libertatibus
1097 2835 1177 2900 quas
1206 2811 1264 2878 alii
1294 2813 1383 2879 cives
1413 2813 1501 2879 Lon·

450 2929 468 2956 “
491 2920 665 2985 doniarum
705 2917 838 2984 habent.
904 2917 961 2984 Ita
1001 2917 1132 2997 scilicet,
1167 2915 1256 3002 quod
1288 2915 1317 2982 si
1353 2915 1404 2981 illi
1441 2915 1500 3003 qui

449 3029 550 3110 “pro
579 3027 726 3110 ternpore
759 3019 885 3087 fuerint
920 3019 1135 3086 Vioecomites
1165 3017 1341 3086 constituti
1367 3017 1498 3106 aliquod

450 3136 468 3164 “
491 3127 648 3192 delictum
684 3124 823 3191 fecerint
863 3121 952 3190 unde
989 3123 1246 3188 misericordiam
1275 3123 1423 3209 pecuniae
1445 3121 1501 3188 de-

450 3238 468 3266 “
490 3230 593 3296 beant
623 3230 797 3307 incurrere,
841 3248 909 3294 non
943 3225 1136 3313 judicentur
1170 3226 1214 3290 ad
1250 3224 1324 3313 plus
1357 3223 1423 3290 nisi
1456 3223 1498 3290 ad

450 3341 469 3370 “
490 3331 748 3399 misericordiam
785 3353 834 3397 xx
881 3330 1051 3410 librarum,
1094 3335 1129 3396 et
1168 3329 1230 3394 boc
1267 3327 1336 3394 sine
1378 3328 1500 3394 damno

450 3443 467 3472 “
490 3436 630 3502 aliorum
648 3435 793 3514 civium,
831 3433 860 3498 si
897 3431 1114 3498 Vicecomites
1146 3453 1214 3496 non
1254 3429 1419 3496 sufficiant
1456 3430 1499 3496 ad

449 3538 785 3605 “misericordiarum
822 3557 956 3602 suarum
998 3535 1203 3601 solutionem.
1263 3533 1301 3600 Si
1330 3554 1409 3598 vero
1438 3533 1500 3598 ali·

449 3650 467 3679 “
490 3643 579 3729 quod
612 3641 770 3708 delictum
800 3637 949 3720 fecerint,
974 3659 1033 3725 per
1069 3637 1158 3724 quod
1193 3635 1374 3724 periculum
1417 3637 1498 3703 vitae

449 3745 545 3811 “vel
574 3745 796 3810 membrorum
822 3742 987 3808 incurrere
1021 3741 1172 3819 debemt,
1192 3739 1384 3825 judicentur
1413 3739 1500 3806 sicut

450 3845 628 3934 “judicari
651 3847 782 3925 debent
810 3866 868 3933 per
893 3843 1001 3932 legem
1025 3842 1178 3908 civitatis
1226 3841 1278 3908 De
1300 3841 1365 3908 hiis
1386 3846 1499 3909 autem
1527 3905 1528 3910 ,

450 3959 468 3986 “
490 3971 564 4037 quae
587 3949 630 4016 ad
652 3949 848 4036 praedictum
886 3945 1090 4014 Comitatum
1119 3943 1296 4033 pertinent,
1326 3943 1500 4032 responde·

448 4061 468 4093 “
491 4058 552 4120 ant
567 4051 781 4119 vicecomites
807 4049 851 4116 ad
872 4049 1077 4116 Scaccarium
1100 4052 1258 4128 nostrum,
1284 4069 1392 4114 coram
1422 4048 1501 4115 Jus-

449 4163 466 4192 “
490 4155 627 4222 ticiariis
658 4153 802 4235 nostris;
840 4151 941 4220 salvis
967 4153 1091 4219 eisdem
1115 4151 1371 4219 vicecomitibus
1401 4151 1501 4218 liber-

448 4267 468 4298 “
490 4259 619 4326 tatibus
648 4279 730 4344 ques
753 4257 810 4323 alii
832 4257 921 4324 cives
943 4253 1190 4321 Londoniarum
1212 4255 1345 4322 habent.
1400 4253 1501 4320 Hanc

451 4371 467 4400 “
490 4383 569 4430 vero
591 4361 832 4429 concessionem
850 4364 885 4427 et
907 4358 1189 4426 confirmationem
1216 4358 1352 4424 fecimus
1371 4357 1500 4424 civibus

449 4473 469 4504 “
491 4464 738 4532 Londoniarum
753 4469 887 4552 propter
901 4461 1168 4529 emendationem
1184 4461 1329 4548 ejusdem
1345 4461 1500 4542 amam,

450 4575 468 4605 “
491 4573 526 4634 et
548 4569 628 4655 quia
654 4568 839 4654 antiquitus
856 4567 1029 4634 consuevit
1052 4587 1122 4632 esse
1147 4565 1190 4630 ad
1212 4565 1344 4631 firmam
1366 4585 1426 4653 pro
1448 4585 1502 4631 ccc

450 4671 593 4737 “libris
639 4669 750 4751 Quare
775 4671 936 4751 volumus,
953 4674 989 4736 et
1014 4670 1154 4735 tirmiter
1179 4669 1396 4758 praecipimus,
1411 4667 1501 4755 quod

451 4779 468 4810 “
491 4773 580 4840 cives
602 4772 858 4858 londoniarum,
880 4777 916 4842 et
940 4773 1086 4842 heredes
1112 4771 1174 4853 sui,
1193 4773 1388 4861 pradictum
1404 4771 1499 4838 vica·
