3462 5836
431 798 496 860 360
765 813 867 863 umus
889 809 1134 865 cosruusaum
1269 799 1432 886 [llanw.
1445 813 1487 866 11.

430 1003 547 1077 tentes,
563 1005 679 1088 sponte
700 1000 755 1068 vel
770 1001 886 1082 invite,
903 1025 961 1068 seu
977 1005 1079 1070 etiam
1093 1003 1176 1070 alias
1199 1002 1353 1069 mulieres
1374 1003 1489 1092 plenae

431 1109 541 1176 aetatis
563 1107 748 1184 existentes,
772 1110 807 1172 et
829 1111 945 1172 contra
967 1106 1172 1172 voluntatem
1194 1108 1377 1172 earundem

476 1211 528 1276 De
550 1207 808 1275 Vicecomitibus
831 1211 866 1273 et
888 1207 964 1273 aliis
986 1208 1121 1274 ballivis
1143 1208 1202 1294 qui
1224 1207 1490 1296 replegiaverint

432 1314 587 1402 prisones,
611 1333 685 1377 oum
714 1331 782 1376 non
809 1314 918 1376 essent
946 1310 1198 1397 replegiabiles3
1220 1316 1255 1377 et
1282 1312 1363 1397 quid
1389 1332 1489 1396 cepe·

432 1419 502 1484 rint
524 1438 582 1504 pro
604 1414 771 1503 praediotis
794 1413 981 1501 prisonibus
1002 1412 1228 1502 replegiandis,
1252 1419 1288 1479 et
1310 1417 1488 1500 quantum,

433 1525 469 1588 et
491 1543 512 1586 a
534 1519 661 1606 quibus.

477 1624 529 1690 De
550 1622 616 1687 hiis
638 1621 695 1708 qui
718 1617 865 1706 ceperint
887 1617 1001 1684 averia
1014 1617 1165 1700 aliorum,
1180 1619 1234 1686 vel
1249 1619 1322 1707 capi
1335 1619 1486 1697 fecerint,

431 1728 467 1792 in
488 1747 555 1790 uno
579 1723 757 1801 Comitatu,
791 1725 826 1788 et
859 1743 898 1786 ea
927 1720 1118 1808 fugaverint
1151 1727 1246 1788 extra
1280 1721 1490 1789 Comitatum

432 1827 578 1895 illumin
592 1825 704 1905 alium,
728 1847 786 1914 per
808 1824 971 1890 malitiam
983 1849 991 1906 ;
1014 1829 1049 1890 et
1072 1825 1232 1905 similiter,
1258 1824 1316 1911 qui
1338 1823 1490 1912 ceperint

434 1931 546 1996 averia
569 1935 603 1996 et
625 1927 847 1994 districtiones
870 1932 968 1993 extra
990 1927 1124 1994 feodum
1146 1949 1252 1994 suum.

479 2032 531 2099 De
553 2031 617 2096 hiis
639 2031 698 2118 qui
719 2029 910 2118 fugaverint
931 2029 1044 2095 averia
1065 2031 1109 2096 ad
1131 2037 1239 2097 castra
1255 2035 1291 2098 et
1304 2030 1488 2108 forcelectu,

434 2142 469 2204 et
491 2157 531 2202 ea
556 2135 620 2200 sibi
646 2132 851 2200 detinuerint
875 2135 990 2199 contra
1013 2133 1114 2198 vadia
1137 2139 1173 2200 et
1189 2133 1306 2221 plegio,
1330 2155 1404 2200 cum
1428 2155 1492 2221 per·

435 2238 650 2304 Vicecomites
676 2235 729 2302 vel
748 2234 889 2302 ballivos
912 2233 1014 2321 Regis
1044 2235 1152 2322 petita
1172 2235 1273 2304 buerit
1295 2257 1407 2305 corum
1431 2235 1492 2302 de-

433 2341 594 2407 liberatio.

481 2443 532 2507 De
575 2439 832 2507 Viceoomitibus
873 2444 909 2506 et
950 2438 1027 2506 aliis
1059 2437 1194 2505 ballivis
1235 2440 1295 2527 qui
1337 2438 1492 2528 ceperint

436 2545 550 2612 debite
572 2542 707 2607 Domini
731 2541 831 2628 Regis
852 2542 997 2622 Henrici,
1026 2541 1080 2608 vel
1102 2563 1320 2610 successorum
1343 2567 1488 2623 suorum,

437 2648 479 2712 de
523 2643 747 2710 sumonitione
790 2643 961 2726 Scaccarii,
1003 2649 1038 2710 et
1082 2643 1248 2712 debitores
1287 2647 1365 2713 inde
1419 2669 1491 2714 non

437 2747 649 2834 acquietent3
683 2751 717 2812 et
747 2745 788 2811 de
827 2769 940 2813 eorum
972 2747 1167 2827 haeredibus,
1203 2748 1261 2835 qui
1290 2771 1359 2816 non
1388 2749 1490 2816 modo

438 2849 639 2940 superstites,
667 2854 702 2916 et
726 2853 898 2936 quantum,
921 2855 956 2916 et
977 2871 999 2916 a
1024 2851 1152 2937 quibus
1199 2850 1250 2917 Dc
1272 2852 1492 2919 malefactori-

438 2957 500 3022 bus
522 2974 695 3042 parcorum
717 2957 752 3018 et
774 2951 987 3034 vivariorum,
1004 2953 1096 3020 etde
1120 2953 1195 3032 hiis,
1213 2951 1299 3040 [qui]
1315 2956 1491 3039 veniendo,

438 3058 493 3125 vel
508 3056 678 3134 morando,
694 3053 747 3122 vel
769 3055 949 3138 redeundo,
965 3075 1198 3142 quemcunque
1221 3057 1383 3123 roberiam
1405 3058 1493 3126 iere-

439 3163 516 3240 rint,
549 3164 584 3226 et
614 3159 656 3224 de
692 3158 766 3223 aliis
806 3158 903 3224 rebus
933 3157 1189 3245 quibuscunque
1251 3159 1303 3225 De
1337 3160 1401 3226 hiis
1431 3163 1494 3247 qui

439 3263 661 3331 districtiones
690 3260 828 3328 iecerint
860 3261 896 3326 in
932 3260 1136 3343 civitatibus,
1166 3261 1288 3350 burgis,
1322 3263 1491 3344 nundinis,

439 3368 494 3434 vel
519 3365 681 3447 mercatis,
709 3386 807 3452 super
833 3363 981 3430 homines
1017 3363 1193 3432 forinsecos
1228 3365 1269 3431 de
1291 3387 1393 3454 regno
1413 3367 1492 3448 isto,

440 3493 500 3558 pro
512 3469 623 3536 debito
647 3466 806 3554 alicujus,1
828 3465 917 3533 unde
931 3489 1001 3533 non
1019 3474 1128 3533 essent
1142 3467 1306 3535 debitores
1321 3470 1375 3535 vel
1389 3469 1493 3558 plegii

440 3577 587 3660 tpartem
598 3571 677 3638 inde
685 3571 739 3638 vel
750 3569 849 3650 aliud,
860 3592 919 3658 per
933 3571 1185 3637 conventionem
1197 3572 1285 3638 inter
1296 3593 1350 3638 eos
1360 3573 1492 3640 factam.

485 3676 536 3741 De
559 3675 719 3741 ministris
753 3674 891 3740 Domini
924 3673 1023 3762 Regis
1047 3675 1106 3761 qui
1130 3676 1409 3758 manutenuerint,
1432 3699 1495 3764 per

440 3803 475 3846 se
497 3779 552 3844 vel
573 3800 633 3865 per
656 3778 745 3856 alios,
761 3777 906 3863 loquelas
929 3777 985 3842 vel
1006 3777 1142 3865 negotia
1162 3779 1198 3844 in
1222 3778 1332 3846 (iuriis
1355 3779 1494 3846 Domini

442 3880 544 3968 Regis
570 3880 751 3947 existentis
773 3881 814 3945 de
837 3880 943 3958 terris,
968 3885 1003 3946 et
1025 3883 1231 3961 tenementis,
1255 3886 1291 3948 et
1312 3882 1394 3948 aliis
1439 3881 1493 3948 De

441 3983 698 4052 Vicecomitibus
720 3987 755 4050 et
777 3981 850 4048 aliis
883 3983 1044 4048 ministris
1068 3983 1169 4071 Regis
1190 3984 1397 4071 capientibus
1419 4007 1494 4051 mu-

441 4111 523 4158 nera
543 4088 599 4155 vel
621 4085 804 4154 mercedem
827 4109 887 4176 pro
909 4085 1023 4155 officiis
1045 4087 1113 4153 suis
1136 4087 1346 4174 exequendis

486 4198 538 4262 De
560 4195 684 4262 clericis
713 4192 990 4272 Justiciariorum,
1006 4191 1228 4270 Escaetorum,
1244 4190 1494 4278 Inquisitorum,
1581 4224 1583 4228 ·

441 4299 649 4388 capientibus
671 4299 822 4366 denarios
844 4319 903 4385 pro
926 4295 1079 4386 capitulis
1101 4292 1328 4374 deliberandis,
1345 4295 1409 4360 nisi
1423 4294 1495 4361 fue·

441 4411 522 4473 runt
545 4403 651 4470 clerici
673 4401 943 4470 Justiciariornm
964 4399 1196 4468 itinerantium
1208 4423 1217 4481 ;
1249 4402 1284 4465 et
1306 4397 1347 4464 dc
1369 4397 1441 4476 hiis,
1465 4399 1495 4463 si

572 4619 597 4625 ...
609 4619 691 4625 ...-
704 4611 1099 4624 ,-.-.-οουι-νψ-.-,,...-.-.-....-.-.
1114 4611 1151 4616 ..-

956 4723 962 4795 Ι
1008 4722 1151 4788 ²Properly
1159 4721 1276 4788 partiam.
