3624 5824
819 933 923 984 araas
944 928 1187 983 commun.
1341 910 1378 1000 [9
1393 927 1476 976 now.
1492 927 1528 977 11.

903 1225 1104 1294 Retmwom.

311 1446 436 1494 marlot
524 1435 544 1466 “
566 1425 717 1496 Scrutari
731 1427 866 1494 fecimus
883 1426 1030 1504 Rotulos,
1045 1425 1169 1505 brevia,
1185 1429 1220 1494 et
1235 1423 1303 1490 alia
1317 1426 1531 1492 memoranda

310 1499 432 1594 {iiiiii
481 1539 500 1572 “
524 1534 560 1598 in
590 1529 808 1598 Thesauraria
839 1529 976 1596 Domini
1007 1527 1115 1616 Regis,
1143 1532 1215 1594 tam
1245 1549 1354 1594 coram
1386 1528 1530 1595 Domino

309 1601 384 1745 10ξέ
379 1601 467 1694 diua
481 1643 499 1672 “
524 1633 699 1712 Edwardo,
725 1639 820 1720 patre
837 1632 939 1720 Regis
960 1653 1057 1720 nona
1083 1653 1183 1718 quam
1206 1652 1316 1697 coram
1330 1630 1531 1697 Justiciariis

312 1715 325 1746 ⁰
382 1732 389 1745 '
480 1744 499 1773 “
523 1738 563 1803 de
588 1737 707 1816 Banm,
734 1737 775 1802 de
803 1735 943 1801 diversis
973 1733 1177 1821 temporibus
1189 1758 1198 1813 ;
1234 1739 1269 1799 et
1294 1734 1530 1820 transcriptum

480 1847 500 1876 “
523 1841 564 1906 de
587 1839 652 1904 hiis
679 1860 753 1924 quse
776 1838 945 1924 potuimus
969 1838 1130 1914 invenire,
1147 1837 1242 1902 vobis
1264 1836 1439 1917 mittimus,
1455 1837 1532 1904 huic

482 1942 619 2010 “brevi
645 1940 811 2010 consuta''

313 2171 426 2225 Agrum
528 2149 602 2232 Quo
629 2146 764 2234 quidem
789 2166 943 2234 processu
964 2165 1024 2232 per
1047 2144 1299 2222 cancellarium,
1323 2143 1534 2214 Justiciarios

313 2184 470 2318 iiilhoiliimc
482 2251 583 2339 Regis
610 2249 651 2318 de
686 2253 828 2338 utroque
856 2249 976 2327 Banco,
1003 2251 1039 2312 et
1062 2247 1144 2312 alios
1175 2247 1216 2314 de
1249 2246 1397 2313 Consilio
1422 2247 1531 2335 Regis,

314 2323 471 2419 {millii
483 2355 658 2442 diligenter
690 2351 890 2430 examinato,
926 2349 1163 2416 concordatum
1200 2349 1266 2414 fuit
1301 2372 1361 2436 per
1390 2352 1532 2418 eundem

314 2427 452 2536 illitati
484 2458 586 2544 Regis
611 2455 805 2536 Consilium,
829 2452 953 2518 xxiiim
975 2453 1029 2518 die
1052 2451 1188 2540 Aprilis,
1214 2473 1301 2518 anno
1328 2453 1410 2520 dicti
1434 2453 1534 2540 Regis

313 2525 432 2622 iliffi‘
483 2581 570 2625 nunc
604 2579 701 2638 nono,
734 2557 823 2643 quod
849 2561 1037 2622 warantum
1071 2555 1133 2621 sub
1161 2555 1280 2642 Sigillo
1312 2556 1413 2644 Regis
1438 2557 1533 2622 fieret

482 2658 683 2727 Justioiariis
714 2657 755 2724 de
785 2659 903 2737 Banco,
926 2658 970 2724 ad
995 2677 1181 2746 processum
1213 2658 1315 2743 juxta
1345 2659 1533 2726 Articulum

484 2761 679 2850 praedictum
695 2761 736 2826 de
751 2765 870 2828 caetero
885 2783 994 2828 coram
1017 2759 1064 2828 eis
1086 2761 1277 2840 tenendum,
1301 2761 1411 2848 quoad
1434 2761 1534 2827 forin-

484 2886 580 2946 secos,
594 2869 634 2930 ut
649 2863 876 2951 praemittitur,
890 2864 926 2929 in
936 2865 1113 2953 Hustengo
1129 2863 1375 2930 Londoniarum
1389 2871 1534 2944 vocatos,

484 2973 543 3034 etc.
602 2967 648 3032 Et
680 2966 844 3032 directum
866 2967 932 3033 suit
954 2968 1121 3055 quoddam
1149 2969 1247 3034 breve
1270 2968 1292 3034 J
1296 2969 1472 3035 usticiariis
1494 2969 1535 3035 de

485 3069 604 3150 Banco,
628 3071 663 3134 in
686 3069 756 3136 haee
777 3069 878 3135 verba
893 3093 946 3136 :-

793 3387 1019 3458 Joalta'oltts
1042 3389 1083 3457 de
1105 3391 1229 3458 Bucco.

317 3590 475 3688 ffrlffilgffi·
535 3595 553 3624 ‘¹
576 3587 769 3668 Edwardus,
804 3587 872 3654 Dei
906 3589 1023 3675 gratia,
1062 3593 1130 3668 etc,
1169 3586 1372 3654 Justiciariis
1399 3589 1466 3654 suis
1498 3589 1538 3654 de

318 3656 466 3788 ggiqupe
490 3698 507 3724 u
530 3690 649 3768 caneo,
666 3691 814 3758 sontem.
861 3690 946 3757 oum
971 3691 1008 3756 n
1039 3689 1176 3758 sacua
1206 3690 1343 3758 nomini
1370 3691 1538 3768 nestro,

319 3795 454 3888 {ffiggm
493 3792 697 3878 “quondam
722 3793 822 3880 Regis
838 3793 978 3880 Angliae,
1001 3792 1105 3880 patris
1129 3795 1243 3873 nostri,
1267 3816 1354 3860 anno
1377 3795 1471 3881 regni
1486 3795 1539 3860 sui

319 3895 443 3996 ffiije
490 3902 509 3928 “
531 3901 625 3961 sexto
650 3895 739 3982 apud
774 3896 1012 3962 Gloucestriam
1040 3897 1138 3976 edito,
1174 3899 1262 3963 inter
1295 3903 1413 3964 caetera
1436 3897 1540 3962 conti-

319 3996 463 4040 ΟΜΝ
490 4006 508 4032 “
530 4002 658 4078 neatur,
683 3999 772 4084 quod
805 3999 833 4064 si
857 4000 940 4084 quis,
967 3999 1192 4086 implacitatus
1216 3999 1258 4064 de
1282 4003 1471 4066 tenemento
1502 4000 1539 4064 in

490 4212 508 4240 “
529 4203 574 4270 ad
589 4209 787 4284 warantum,
813 4204 935 4271 habeat
958 4204 1057 4271 breve
1090 4206 1131 4272 de
1162 4205 1367 4272 Cancellaria
1387 4205 1430 4271 ad
1453 4227 1541 4270 sum-

490 4316 507 4341 “
529 4307 743 4373 moniendum
766 4311 954 4372 warantum
977 4329 1073 4374 suum
1096 4306 1140 4373 ad
1165 4314 1291 4376 certum
1318 4307 1406 4375 diem
1431 4329 1541 4374 coram

490 4419 508 4444 “
529 4409 730 4476 Justiciariis
746 4411 788 4476 dc
804 4409 924 4491 Banco,
941 4411 984 4476 ad
999 4412 1262 4497 respondendum
1279 4413 1309 4477 ei
1324 4413 1365 4478 de
1380 4413 1544 4478 warantis

491 4523 508 4548 “
530 4514 596 4592 illa,
614 4518 649 4580 et
676 4512 843 4600 quoddam
866 4513 957 4578 aliud
981 4514 1084 4580 breve
1100 4513 1222 4600 Majori
1245 4519 1281 4580 et
1295 4514 1433 4582 Bollivis
1454 4515 1542 4583 Lon-

491 4625 508 4650 “
533 4616 716 4696 doniarum,
734 4616 830 4701 quod,
847 4615 970 4702 placito
993 4637 1102 4681 eoram
1126 4616 1174 4682 eis
1197 4618 1276 4684 inde
1300 4617 1462 4705 pendenti
1484 4641 1543 4705 per

491 4719 633 4784 “breve
660 4719 902 4805 supersedeant,
928 4740 1097 4805 quousque
1126 4718 1287 4806 placitum
1315 4719 1356 4785 de
1378 4721 1544 4787 warentia

493 4821 691 4910 “praedicta
714 4842 824 4887 coram
850 4822 997 4908 praefatis
1021 4822 1227 4890 Justieiariis
1260 4825 1480 4907 terminetur;
1512 4830 1547 4890 et
