3600 5822
459 833 523 899 296
802 845 903 896 mauu
925 843 1169 898 duumuirum
1301 833 1361 921 [14
1377 849 1461 900 now.
1478 853 1515 902 rr„

458 1046 534 1090 suos
548 1027 584 1091 in
598 1023 750 1104 erastino,
776 1023 900 1112 singuli
916 1024 957 1089 de
972 1045 1086 1090 eorum
1110 1028 1266 1112 tempore,
1282 1024 1319 1090 in
1334 1047 1402 1090 una
1414 1025 1510 1114 begs,

459 1127 598 1214 desuper
612 1128 735 1215 scripte
755 1128 890 1192 nomina
904 1126 1115 1193 reddentium
1131 1125 1271 1194 Rotulos
1285 1128 1509 1214 superstitum,

458 1229 513 1294 vel
542 1251 655 1296 eorum
686 1229 862 1309 haeredum,
899 1250 955 1294 seu
987 1249 1100 1294 eorum
1130 1233 1236 1294 terras
1265 1233 1300 1294 et
1321 1235 1513 1296 tenemento

458 1331 664 1410 tenentium
687 1341 721 1398 et
742 1330 803 1398 hoo
826 1335 961 1418 propter
984 1329 1183 1397 brevitatem
1209 1331 1299 1396 illius
1313 1331 1386 1397 diei
1433 1330 1513 1397 Pro·

459 1433 636 1499 clamatum
660 1432 761 1498 etiam
783 1432 850 1498 fuit
872 1433 985 1498 eodem
1009 1432 1070 1514 die,
1086 1432 1176 1519 quod
1199 1453 1311 1498 omnes
1333 1433 1513 1500 ele-mantes

459 1535 587 1622 aliquas
608 1534 778 1601 libertates
801 1540 883 1601 tuno
908 1533 945 1599 in
970 1533 1140 1621 seripturis
1164 1532 1361 1622 redigerent,
1384 1540 1420 1602 et
1449 1535 1513 1601 ola·

459 1644 590 1705 merent
603 1638 661 1703 illo
672 1637 726 1703 die
741 1659 850 1703 eoram
865 1635 1031 1724 praedietis
1042 1636 1066 1702 J
1067 1635 1244 1702 ustrermus
1257 1635 1295 1702 in
1308 1637 1366 1704 illo
1378 1636 1513 1704 Itinere.

293 1758 426 1804 ornamus
460 1739 587 1805 Contra
607 1740 668 1806 hoo
692 1740 780 1806 cives
813 1740 1062 1826 respondemnt,
1085 1738 1175 1826 quod
1206 1739 1345 1826 antiqua
1377 1760 1512 1806 eonsue-

292 1810 441 1920 ffjsi‘i‘iiuo
460 1842 543 1907 tudo
558 1841 704 1908 civitatis
726 1863 855 1930 semper
877 1842 952 1922 fuit,
968 1841 1009 1907 de
1035 1862 1104 1906 non
1126 1840 1301 1908 clamando
1322 1841 1361 1906 in
1383 1841 1513 1928 seriptis

291 1913 430 2055 iffilll‘
460 1943 586 2029 aliquas
616 1943 787 2010 libertates
814 1944 868 2010 vel
890 1942 1153 2024 consuetudines,
1177 1943 1235 2008 sed
1262 1964 1317 2009 ore
1339 1946 1440 2008 tenus
1461 1965 1512 2010 re·

291 2061 370 2114 orsuy.
460 2046 614 2126 cordare3
637 2049 681 2124 et,
705 2067 763 2133 per
785 2046 859 2112 illas
882 2045 972 2132 leges
995 2051 1029 2112 et
1063 2044 1235 2111 libertates
1258 2066 1342 2130 quas
1365 2065 1511 2132 comper·

458 2153 532 2214 tum
554 2152 606 2214 est
628 2147 675 2213 eis
697 2147 749 2215 uti
771 2170 814 2217 ex
837 2147 984 2234 entique,
1021 2147 1190 2234 petierunt
1213 2147 1302 2234 quod
1324 2147 1366 2214 ds
1392 2153 1512 2214 oaetero

457 2249 580 2318 eisdem
603 2249 813 2316 libertatibus
846 2249 990 2337 gaudem
1012 2249 1148 2336 possint,
1172 2254 1207 2316 et
1236 2270 1305 2316 nen
1331 2251 1511 2316 secundum

458 2351 632 2420 Statutum
648 2353 689 2420 de
706 2352 808 2434 “Quo
823 2347 1015 2418 Waranto''
1039 2373 1180 2439 operare.
1225 2350 1250 2417 J
1251 2352 1339 2418 udex
1361 2351 1449 2418 dixit
1457 2377 1513 2418 2-

458 2463 476 2489 “
500 2453 543 2518 In
565 2455 747 2542 perieulum
768 2459 917 2520 vestrum
939 2451 1011 2519 sit.''

289 2561 438 2665 “ngeffl
503 2555 629 2621 Eodem
652 2555 705 2622 die
727 2556 967 2644 proclamatum
989 2555 1062 2632 fuit,
1088 2555 1177 2642 quod
1198 2576 1296 2621 nemo
1318 2555 1447 2642 aliquid
1468 2557 1510 2624 ab

290 2662 417 2765 3¹¹2ng
458 2655 570 2742 aliquo
593 2662 723 2745 caperet
744 2680 805 2744 pro
827 2657 970 2744 hospitio
1001 2656 1148 2736 locando,
1173 2658 1251 2723 dum
1279 2657 1351 2723 Iter
1373 2657 1510 2724 sederet.

289 2761 409 2856 &⁰35¹th
460 2759 585 2824 Eodem
618 2759 674 2825 die
711 2759 951 2846 proclamatum
984 2758 1058 2838 fuit,
1086 2759 1176 2846 quod
1211 2761 1371 2826 victualia
1400 2760 1513 2848 alique

289 2825 426 2958 lwrffffl:
458 2862 564 2928 canius
586 2883 655 2927 non
670 2861 894 2927 venderentur
908 2883 1007 2928 eausa
1030 2861 1188 2942 Itineris;
1211 2884 1271 2928 nee
1295 2859 1417 2949 aliquis
1442 2863 1509 2928 vio-

289 2925 433 3068 lffigffi
457 2963 563 3030 tualia
585 2964 628 3030 ad
643 2961 813 3029 civitatem
832 2985 889 3050 per
904 2968 1026 3030 temam
1041 2963 1096 3029 vel
1110 2986 1169 3051 per
1183 2985 1304 3051 aquam
1330 2965 1511 3047 venientia,

289 3065 395 3110 ΜΝ
458 3087 518 3132 nec
534 3066 622 3132 iufra
636 3065 818 3147 civitatem,
835 3065 1043 3147 forstallaret,
1058 3065 1121 3132 sub
1144 3089 1243 3154 poena
1259 3088 1325 3152 qua
1339 3067 1509 3134 incumbit

289 3177 433 3273 2⁰33th
502 3168 629 3234 Eodem
654 3169 716 3248 die,
740 3168 868 3246 ultimo,
885 3169 958 3234 xvii
973 3168 1039 3234 viri
1063 3173 1098 3235 et
1120 3169 1195 3236 duae
1221 3169 1386 3250 mulieres,
1408 3171 1510 3258 reple·

288 3242 423 3378 mg}
457 3269 658 3389 gratiusque
673 3269 717 3337 ad
734 3270 814 3351 Iter,
830 3275 1084 3356 eompamerunt
1099 3291 1208 3336 eoram
1223 3271 1511 3388 praedictisdusti·

287 3377 445 3473 {mund
457 3395 585 3454 orarus3
602 3397 659 3461 qur
674 3397 722 3440 ers
737 3377 971 3462 praeaeperuns,
987 3394 1045 3460 per
1060 3374 1197 3438 eandem
1213 3379 1509 3462 manucaptronem,

388 3461 394 3475 ⁸
456 3476 545 3562 quod
566 3475 623 3540 illo
646 3475 709 3558 die,
735 3480 811 3564 post
837 3473 1022 3562 prandium,
1050 3473 1139 3561 apud
1166 3474 1351 3564 Newegate
1385 3477 1510 3564 prisoni

455 3599 490 3643 se
512 3575 696 3658 redderent,
727 3583 762 3644 et
795 3582 834 3643 ut
860 3575 1078 3642 Vioeoomites
1109 3575 1357 3643 Londouiarum
1384 3599 1439 3646 eos
1460 3599 1510 3646 re·

454 3681 608 3768 ciperent.

287 3899 428 3994 soepnpppv
500 3885 563 3950 Die
586 3884 610 3952 J
611 3883 690 3963 ovis,
714 3883 857 3949 seeundo
873 3882 927 3948 die
943 3883 1087 3962 Itineris,
1104 3888 1269 3950 venerunt
1281 3884 1508 3967 Coronatores,

286 3952 429 4096 illibi*
454 3985 680 4066 Vioeoomites,
704 3989 740 4052 et
761 3984 948 4051 Justioiarii
971 3985 1012 4051 de
1037 3985 1149 4066 Gaula,
1171 3985 1347 4052 reddentes
1370 3985 1509 4054 Rutulos

285 4101 396 4196 ἔρξω
454 4112 529 4158 suos
552 4089 707 4176 singulos,
724 4086 908 4168 secuudum
930 4091 1132 4174 praeceptum
1146 4085 1422 4157 Justieiariorum.
1463 4089 1511 4156 Et

284 4163 426 4248 miuron.
455 4191 572 4260 Rotuli
593 4191 615 4258 d
619 4185 877 4268 usticiariorum,
887 4187 1025 4275 sigillati
1040 4210 1098 4276 per
1121 4188 1306 4258 Hervicum
1330 4191 1370 4258 de
1386 4190 1508 4258 Steun-

453 4297 547 4374 toue,
568 4293 752 4382 Capitalem
775 4289 1015 4369 Justioiarium,
1040 4290 1214 4357 deliberati
1249 4291 1384 4359 bremmt
1408 4295 1508 4361 Coro·

283 4405 433 4508 {proffi-
452 4399 624 4465 natoribus
638 4395 693 4462 vel
709 4391 1127 4460 Suboorouatoribus-Et
1150 4398 1241 4474 nota,
1258 4397 1348 4481 quod
1363 4393 1507 4463 Botella·

282 4506 434 4602 ffisssffiss
451 4503 521 4568 rius
551 4499 687 4566 Domini
710 4496 818 4584 Regis,
850 4500 884 4562 et
919 4494 1125 4562 Camerarius
1157 4495 1295 4563 Domini
1333 4497 1442 4586 Regis,
1473 4505 1509 4566 et

281 4619 401 4702 apparu
453 4605 645 4681 Coronatur,
662 4601 750 4667 idem
765 4595 946 4664 sunt-Et
962 4597 1078 4663 Rutuli
1093 4598 1334 4666 Vioeoomitum
1360 4601 1508 4668 demors-

307 4719 414 4768 aaase
450 4711 531 4774 runt
547 4726 661 4771 versus
676 4703 699 4770 J
703 4699 886 4768 ustioiurios
901 4697 959 4766 illo
976 4699 1035 4766 die.
1082 4700 1128 4767 Et
1142 4704 1403 4785 memorandum,
1420 4705 1509 4790 quod

449 4829 562 4876 omues
573 4805 788 4872 Vioeeemites
813 4802 1041 4870 liberavenmt
1056 4801 1197 4872 Rotulos
1212 4825 1297 4884 suos,
1312 4805 1367 4872 vel
1382 4827 1441 4893 per
1462 4828 1507 4890 se,
