3600 5822
299 868 502 956 lienum]
549 881 1099 934 werrrrocmnnssrss1rsn
1280 856 1347 936 est

299 1079 318 1109 “
340 1078 484 1140 vestram
513 1073 550 1138 in
580 1073 714 1138 civitcte
743 1071 908 1158 praedictc,
939 1074 975 1135 et
997 1067 1161 1136 suburbiis
1191 1067 1346 1153 ejusdem,

299 1183 318 1213 “
339 1175 468 1264 publice
489 1174 682 1262 proclamari
698 1173 836 1250 fecistis,
854 1171 944 1259 quod
959 1191 1072 1236 omnes
1095 1170 1145 1234 illi
1170 1171 1227 1255 qui
1240 1169 1341 1234 liber-

298 1285 317 1315 “
338 1283 425 1344 tetes
444 1278 572 1364 sliquos
594 1297 654 1364 per
688 1275 833 1342 Ohcrtss
864 1273 1114 1360 progenitorum
1144 1277 1341 1352 nostrorum,

300 1379 470 1468 “Regum
485 1379 627 1466 Angliae,
643 1379 697 1444 vel
726 1377 791 1442 alio
822 1375 928 1455 modo,
951 1375 1073 1442 hebere
1104 1372 1255 1451 clement,
1279 1375 1347 1438 sint

299 1489 319 1520 “
340 1504 449 1548 corcm
471 1481 617 1568 praefctis
639 1479 793 1546 fidelibus
816 1478 937 1544 nostris
966 1477 1010 1542 ed
1032 1477 1120 1542 diem
1143 1476 1343 1562 praedictem,

300 1592 319 1620 “
339 1585 382 1650 cd
404 1583 644 1651 ostendendum
659 1580 842 1668 cqjusmodi
856 1580 1029 1646 libertates
1044 1577 1163 1644 hebere
1189 1577 1340 1656 clement,

300 1693 319 1724 “
339 1692 374 1754 et
403 1709 468 1773 quo
498 1689 655 1752 wcrsnto.
716 1683 762 1748 Et
791 1704 851 1748 vos
887 1682 950 1769 ipsi
989 1684 1070 1748 tunc
1106 1679 1180 1746 sitis
1216 1681 1341 1746 ibidem

300 1796 319 1826 “
340 1789 563 1876 personaliter,
588 1808 656 1853 unc
670 1808 745 1852 cum
760 1785 834 1851 sliis
848 1783 981 1850 ballivis
995 1789 1030 1850 et
1045 1783 1205 1849 ministris
1219 1783 1345 1861 vestris,

301 1900 319 1927 “
341 1892 384 1958 cd
398 1890 628 1958 certorendum
643 1889 748 1954 dictos
762 1886 875 1953 fideles
889 1892 1018 1954 nostros
1032 1908 1130 1973 super
1144 1885 1209 1950 hiis
1225 1891 1260 1951 et
1274 1885 1347 1950 eliis

300 2000 319 2028 “
341 1994 511 2080 negotium
532 1991 616 2056 illud
636 1989 857 2076 tangentibus
905 1988 1117 2074 Prsecipimue
1131 1988 1231 2054 etiem
1246 1988 1349 2067 vobis,

299 2103 317 2130 “
340 2095 429 2181 quod
442 2093 572 2181 publice
587 2091 781 2180 proclcmcri
803 2092 942 2172 fecistis,
966 2091 1055 2179 quod
1072 2113 1183 2158 omnes
1206 2112 1345 2177 conque·

301 2202 319 2233 “
341 2201 459 2276 rentes,
475 2217 534 2262 seu
555 2194 710 2279 conqueri
732 2193 888 2272 volentes,
904 2198 976 2260 tem
998 2193 1039 2259 de
1062 2193 1193 2260 ballivis
1219 2194 1341 2259 nostris

298 2304 316 2334 “
339 2303 374 2364 et
388 2299 549 2364 ministris
563 2297 686 2363 nostris
708 2295 965 2382 quibuscunque,
982 2317 1082 2381 quem
1099 2295 1140 2361 ds
1154 2294 1288 2360 ballivis
1312 2300 1346 2361 et

300 2408 318 2435 ‘⁸
340 2401 501 2466 ministris
516 2401 656 2466 eliorum
671 2404 707 2466 st
721 2398 795 2463 eliis
810 2396 1066 2484 quibuscunque,
1083 2398 1221 2463 veniant
1235 2418 1344 2463 ocrem

301 2510 319 2537 “
341 2502 439 2568 dictis
464 2502 617 2568 fidelibus
639 2501 768 2580 nostris,
795 2499 839 2566 ed
868 2499 1041 2586 praedictos
1064 2499 1151 2565 diem
1175 2504 1210 2565 et
1231 2500 1347 2578 locum,

302 2612 320 2640 “
342 2606 384 2670 sd
410 2625 619 2691 quascunque
655 2602 874 2689 querimonias
903 2601 1027 2667 ibidem
1057 2601 1284 2680 ostendendas,
1314 2607 1349 2668 et

302 2713 320 2741 “
342 2707 385 2772 sd
407 2711 628 2794 competentes
654 2704 808 2770 emendes
832 2703 910 2770 inde
936 2703 1147 2790 recipiendos,
1166 2703 1345 2769 secundum

301 2814 319 2844 “
341 2808 446 2896 legem
462 2814 495 2874 et
518 2805 784 2873 consuetudinem
807 2806 901 2893 regni
923 2806 1037 2886 nostri,
1054 2810 1089 2870 et
1106 2808 1207 2892 juxto
1222 2807 1351 2872 ordine

301 2918 319 2945 “
341 2911 465 2976 tionem
488 2931 546 2996 per
567 2931 626 2975 nos
648 2908 726 2974 inde
748 2908 879 2988 factem,
895 2911 929 2973 et
947 2900 1050 2992 ju'xts
1064 2913 1212 2973 tenorem
1236 2908 1350 2974 Stctu-

300 3020 318 3048 “
340 3016 450 3078 torum
473 3017 670 3088 nostrorum,
695 3014 730 3077 et
747 3011 850 3096 juxte
865 3009 1032 3074 Articulos
1055 3009 1177 3074 eisdem
1199 3009 1352 3075 fidelibus

301 3120 319 3150 “
341 3114 463 3180 nostris
485 3113 563 3179 inde
595 3113 745 3193 traditos,
777 3117 811 3178 et
844 3115 944 3197 prout
976 3110 1075 3175 iidem
1109 3109 1223 3176 fideles
1244 3113 1350 3176 nostri

245 3275 247 3279 ,
301 3222 321 3252 “
343 3215 437 3282 robis
460 3216 541 3281 scire
563 3215 688 3280 sedent
703 3235 746 3279 ex
761 3218 855 3299 perte
879 3217 998 3278 nostre.
1045 3211 1091 3276 Et
1120 3211 1271 3278 hcbectis
1300 3213 1348 3277 ibi

301 3318 630 3384 “summonitionem
659 3322 695 3382 et
731 3317 792 3381 hoc
821 3315 929 3381 breve.
975 3315 1073 3380 Teste
1095 3315 1228 3401 meipso,
1262 3315 1352 3401 opud

300 3425 319 3455 “
341 3419 679 3498 westmonasterium,
718 3439 766 3483 xx
803 3417 857 3484 die
894 3415 1102 3497 Novembris,
1136 3437 1224 3482 enno
1257 3417 1351 3504 regni

301 3529 319 3559 “
342 3523 449 3588 nostri
468 3520 585 3588 xiiii⁰.''
609 3521 674 3587 Per
694 3521 804 3608 ipsum
826 3520 950 3607 Regem
971 3523 1006 3584 et
1026 3518 1221 3585 Consilium.

347 3827 526 3912 Postquam
541 3832 654 3892 cutem
669 3826 813 3914 probi
786 3847 874 3892 cives
890 3825 1138 3892 Londonierum
1153 3825 1349 3892 mandatum
1341 3837 1518 3983 Ppppeppiiprs

301 3929 439 3995 Domini
472 3929 614 4017 Regis'
604 3951 641 3993 1n
678 3929 742 3994 hiis
781 3928 891 3994 verbis
928 3927 1138 4015 recipiebant,
1175 3934 1211 3994 et
1246 3929 1418 3994 securim

299 4033 436 4098 fuerunt
476 4031 516 4096 de
558 4031 684 4098 Itinere
729 4030 890 4112 habendo,
923 4030 1019 4096 cd
1009 4029 1153 4096 invicem
1186 4053 1351 4097 commum
1341 3973 1483 4084 aldim·

300 4155 435 4200 escensu
472 4132 579 4199 indies
623 4132 901 4250 colloquebantur,
933 4144 976 4214 et,
1014 4134 1113 4198 modo
1150 4137 1185 4199 et
1236 4133 1351 4200 ordine
1364 4093 1427 4138 m

301 4234 466 4302 Itinerum
500 4235 714 4322 antiquorum
746 4237 835 4301 inter
871 4235 959 4301 cives
991 4237 1110 4323 saepius
1143 4236 1294 4323 perlectis
1317 4241 1351 4302 ct

300 4338 510 4418 examinetis,
533 4338 676 4405 bencum
707 4361 782 4405 cum
816 4337 972 4405 sedilibus
993 4338 1126 4404 fortiter
1146 4359 1205 4424 per
1243 4338 1351 4425 Roge-

301 4461 376 4506 rum
414 4441 455 4507 de
482 4441 640 4506 Frowike
673 4445 707 4506 et
741 4440 911 4506 Simonem
949 4438 1071 4518 Debin,
1111 4439 1353 4505 Aldermcnnos

300 4541 517 4629 proximiores
546 4542 653 4620 Turni,
676 4543 713 4607 in
735 4543 824 4608 Aule
855 4542 1023 4629 praedictes
1053 4541 1175 4623 Turris,
1208 4546 1249 4608 ut
1280 4563 1354 4608 con·

300 4644 442 4710 suetudo
489 4649 548 4724 est,
587 4643 773 4732 sumptibus
807 4644 948 4732 propriis
980 4649 1244 4711 construxerunt.
1300 4643 1354 4708 llx

299 4749 382 4813 tunc
403 4747 554 4836 predicti
577 4748 665 4814 cives
696 4751 969 4836 preparaverunt
999 4767 1034 4814 se
1057 4769 1137 4835 erga
1172 4747 1355 4813 Dominum

1415 3989 1507 4034 scithe
