3462 5836
250 874 292 936 14
308 887 393 940 nou.
411 871 463 960 11.]
496 885 653 936 cusroor
675 885 719 936 os
742 883 930 934 personans
952 883 1091 934 numus
1114 883 1201 934 mun
1232 866 1297 940 soi

245 1074 428 1152 comitibus,
468 1071 710 1152 aldemanus,
750 1076 786 1140 et
831 1070 1069 1150 communitati,
1108 1071 1198 1158 quod
1234 1071 1299 1159 ipsi

244 1177 497 1266 superviderent
532 1177 625 1242 illem
658 1179 915 1264 purpresturam,
951 1174 979 1240 si
1014 1179 1100 1242 esset
1130 1177 1172 1242 ad
1197 1197 1297 1244 noou·
1415 1233 1423 1248 .

245 1288 396 1350 mentum
419 1280 611 1358 vicinorum,
635 1301 746 1346 necne.
792 1278 893 1344 Etsi
924 1277 1038 1364 Major,
1070 1277 1296 1360 Atdmmnmri,

244 1385 468 1461 Vicecomites,
500 1388 535 1448 et
564 1381 792 1462 communitas,
824 1385 1078 1468 praesentassent
1108 1381 1196 1466 quod
1229 1403 1298 1448 non

244 1495 328 1556 esest
343 1489 387 1554 ad
401 1491 643 1561 nocumentum,
667 1489 780 1562 steret,
803 1507 862 1572 pro
885 1484 1022 1551 servitio
1045 1485 1188 1550 Domino
1212 1484 1297 1573 Regi

245 1592 420 1656 annuatim
452 1589 691 1677 persolvendo;
724 1587 811 1654 sicut
834 1587 954 1654 accidit
976 1587 1018 1652 de
1043 1589 1297 1674 praesentatione

244 1699 465 1784 purpresturae
491 1691 581 1778 apud
606 1689 862 1768 Bokeleresberi,
886 1689 945 1754 ubi
968 1696 1205 1776 pmsentatum
1231 1691 1417 1798 fifiiffli'

243 1820 302 1886 per
317 1798 501 1864 duodenam
523 1794 613 1860 iilius
630 1793 770 1872 Werdse,
786 1792 875 1878 quod
898 1813 1010 1858 cursus
1032 1792 1073 1860 de
1090 1793 1295 1872 Walebroke,
1308 1804 1435 1857 sufflaret

245 1903 304 1989 qui
318 1901 484 1988 quondam
500 1898 621 1965 habuit
642 1918 773 1962 cursum
797 1917 856 1982 per
879 1895 1023 1962 medium
1047 1897 1088 1962 de
1105 1897 1295 1962 Bokeleres-
1308 1854 1465 2008 ffissw:

243 2005 323 2082 beri,
340 2004 495 2070 videlicet
509 2007 598 2068 retro
622 1999 789 2068 ecclesiam
813 1999 930 2066 Sancti
945 1998 1108 2086 Stephani
1129 2002 1169 2068 de
1186 2001 1293 2068 Wale-
1307 1989 1466 2102 {gmon

245 2108 339 2187 brok,
355 2106 479 2172 suited
494 2110 729 2171 nocumentum
744 2103 941 2170 vicinorum.
981 2101 1107 2182 Postea,
1125 2127 1167 2170 ex
1184 2125 1295 2191 super-
1307 2106 1439 2152 mm·

245 2212 322 2276 visu
337 2209 479 2295 Majoris,
496 2207 805 2282 Aidermsnnorum,
822 2210 857 2271 et
879 2207 1135 2286 communitatis,
1152 2229 1293 2294 praesen-

245 2319 353 2379 tatum
369 2317 421 2378 est
435 2310 524 2396 quod
538 2331 606 2376 non
621 2310 687 2375 fuit
701 2309 744 2374 sd
759 2315 996 2375 nocumentum
1019 2310 1176 2396 alicujus3
1201 2312 1295 2378 etsie

244 2415 384 2481 cessavit
398 2414 456 2479 illa
472 2419 690 2500 purprestura
737 2413 783 2478 Et
796 2413 883 2478 siout
897 2413 1017 2479 accidit
1032 2408 1073 2478 de
1083 2421 1296 2501 pmpresture
1308 2434 1415 2480 nent-

246 2519 286 2584 de
318 2517 512 2604 Oistregste,
544 2517 603 2582 ubi
640 2521 877 2602 praesentatum
913 2515 979 2582 fuit
1015 2537 1073 2602 per
1111 2517 1296 2584 duodenam
1309 2489 1467 2590 dieiii‘iir·

243 2621 410 2708 praedictae
439 2619 578 2696 Wnrdae,
610 2620 698 2705 quod
727 2619 787 2684 illa
816 2623 914 2704 porta
950 2621 1051 2685 nimis
1088 2621 1202 2686 stricta
1232 2621 1296 2686 fuit
1309 2591 1447 2693 ssffffl

240 2724 342 2810 juxta
373 2743 502 2789 cursum
531 2742 625 2806 equae
657 2720 840 2800 Thamisioe,
876 2722 919 2787 sd
944 2730 1186 2803 nocumentum,
1213 2729 1296 2804 etc3

244 2833 279 2894 ot
302 2827 390 2914 quod
416 2824 574 2912 praedicta
604 2829 701 2911 porta
731 2824 829 2890 debet
859 2846 927 2890 esso
951 2828 1042 2892 tenti
1070 2829 1169 2914 spetii
1195 2828 1296 2914 juxta

245 2952 365 3016 aquam
395 2926 572 2994 Thamisiee
605 2927 692 2992 sicut
723 2927 838 2992 existit
863 2926 967 3012 juxta
1001 2933 1141 2996 stratam
1170 2933 1294 3018 regiam

243 3038 396 3100 vocatam
421 3026 736 3107 “Themisonion'’
763 3029 807 3094 ad
837 3037 1072 3096 nocumentum
1102 3034 1293 3115 vicinorum,

244 3141 302 3202 etc.
349 3135 475 3212 Postea,
499 3155 558 3218 per
583 3132 753 3217 Majorem,
769 3137 838 3209 etc,
855 3138 1094 3218 praesentetum
1119 3135 1185 3200 fuit
1207 3138 1297 3221 quod

244 3259 312 3304 non
341 3237 407 3302 fuit
436 3236 480 3300 ad
509 3229 751 3312 nocumentum,
779 3239 842 3301 eto.
889 3235 935 3300 Et
958 3236 1004 3300 sic
1028 3236 1136 3304 adhuc
1160 3238 1296 3305 videtur

243 3345 340 3406 stare.

290 3443 415 3508 Eodem
438 3441 538 3506 etiem
559 3441 612 3506 die
628 3440 755 3519 Martis,
779 3439 855 3522 xiiio
880 3441 933 3508 die
957 3441 1101 3523 Itineris,
1119 3449 1295 3532 quaesitum
1308 3473 1409 3520 rusae

245 3547 345 3613 finite
369 3545 501 3632 Majore
518 3543 762 3622 Aidermannis,
787 3549 822 3610 et
844 3547 1090 3627 communitate,
1107 3549 1135 3613 si
1157 3551 1294 3635 Enylee·
1308 3527 1457 3621 iiiiiiii'

244 3647 351 3714 chorte
378 3647 498 3713 debeat
525 3647 560 3712 in
587 3647 652 3712 isto
675 3645 799 3712 Itinere
824 3650 1026 3734 praesentari,
1048 3651 1132 3717 sicut
1155 3652 1192 3717 in
1222 3653 1295 3718 eliis
1308 3625 1434 3720 iidinm

245 3751 424 3817 Itineribus
446 3750 526 3815 alibi
551 3754 777 3835 praesentatur.
825 3750 870 3816 Et
893 3753 1071 3837 quaesitum
1093 3753 1159 3820 fuit
1181 3757 1224 3822 nb
1239 3755 1293 3834 eis,
1307 3739 1446 3836 {nim

243 3856 359 3940 quiet
393 3857 474 3939 quot
504 3852 639 3918 fuerunt
672 3853 812 3940 utlageti
838 3854 875 3918 in
908 3855 1027 3920 ultimo
1060 3855 1186 3924 Itinere
1208 3861 1295 3946 apud
1307 3843 1439 3946 wit„

243 3957 381 4034 iirrrim,
399 3962 433 4021 et
455 3957 513 4041 qui
535 3959 651 4041 postea
667 3959 832 4022 venerunt
847 3957 890 4021 ad
905 3979 1018 4044 pacem
1034 3957 1171 4026 Domini
1186 3961 1293 4049 Regis,
1307 3892 1461 4090 3ῗῖἶὶ

244 4069 278 4126 et
308 4061 389 4147 quid
419 4065 529 4125 actum
561 4064 613 4124 est
644 4059 685 4124 de
720 4058 808 4138 illis;
842 4081 940 4147 super
978 4061 1098 4148 quibus
1127 4042 1400 4150 petieruntthm‘
1421 4047 1457 4092 ⁸⁹¹

242 4163 396 4240 inducias,
415 4167 450 4228 et
466 4162 654 4228 habuerunt
669 4162 758 4226 diem
777 4163 915 4228 Veneris
929 4167 1080 4251 proximo
1096 4173 1295 4252 sequentem,

242 4265 439 4353 responsuri,
480 4269 538 4329 etc.
601 4263 728 4330 Eodem
758 4263 822 4345 die,
852 4265 1015 4333 Dominus
1048 4268 1217 4335 Johennes
1255 4272 1446 4347 decusnnor

243 4367 470 4446 Orombwellc,
495 4367 768 4433 Constebularius
790 4369 958 4455 proedictae
974 4371 1095 4450 Turris,
1112 4374 1210 4459 petiit
1224 4395 1295 4439 cus-
1308 4343 1443 4488 Βήῶἴῖῗιο

241 4472 367 4538 todiem
384 4471 532 4536 omnium
546 4471 715 4558 prisonum
731 4470 766 4536 in
783 4472 848 4537 isto
870 4472 1005 4554 Itinere,
1020 4479 1080 4540 etc.
1128 4475 1174 4541 Et
1187 4476 1212 4541 J
1213 4477 1295 4542 usti·
1308 4443 1413 4540 iiiii
1416 4497 1448 4552 oy

241 4575 362 4639 ticierii
385 4573 552 4652 dixerunt,
578 4575 666 4661 quod
688 4574 806 4640 sedent
828 4575 882 4641 hio
903 4597 963 4662 pro
986 4577 1116 4662 placitis
1138 4579 1294 4660 civitatis,
1308 4545 1464 4642 iiisiiiisa

241 4683 275 4742 st
297 4699 366 4742 non
388 4677 510 4754 Turris,
538 4677 805 4757 determinandis,
829 4682 863 4743 et
887 4677 961 4744 ideo
985 4679 1129 4765 pertinet
1152 4681 1195 4746 ad
1217 4645 1442 4748 dus-idddicind

241 4779 388 4844 ticinrios
415 4779 596 4845 deliberare
626 4780 810 4846 custodiam
835 4781 982 4847 omnium
1009 4782 1176 4870 prisonum
1201 4783 1296 4852 Vice-
