3600 5822
444 912 509 977 308
787 923 891 973 mmm
914 920 1159 972 omsmuiuuu
1276 899 1337 992 [14
1352 918 1439 969 mu.
1461 914 1491 968 11

276 1125 323 1220 'i
317 1180 401 1222 Μω
444 1133 503 1198 pro
520 1110 610 1197 Rege
635 1107 861 1186 eulumniuvit,
879 1106 1057 1174 dioenet-
1059 1105 1228 1172 “Deoiout
1253 1104 1497 1192 proclamatum

276 1137 453 1324 ffiniu‘
457 1213 553 1279 ‘fuit
567 1213 674 1300 primo
697 1213 751 1280 die
774 1209 917 1290 Itineris,
934 1210 1023 1297 quod
1038 1209 1224 1296 quicunque
1239 1209 1379 1276 clamare
1394 1207 1496 1273 vellet

447 1324 464 1352 “
488 1315 666 1394 libemus,
690 1315 805 1380 eodem
831 1313 885 1380 die
917 1335 972 1378 eas
998 1311 1204 1378 debuisset'
1194 1333 1230 1375 1n
1260 1310 1391 1398 scriptio
1420 1310 1444 1374 J
1446 1331 1498 1374 us·

447 1427 465 1455 “
489 1418 626 1484 tioiuriis
656 1417 858 1498 delibet-um
903 1420 940 1481 et
973 1435 1034 1480 voe
1069 1435 1158 1480 nuno
1198 1413 1235 1477 in
1279 1413 1344 1478 ieto
1379 1417 1497 1498 queuto

448 1529 465 1556 “
488 1521 542 1587 die
565 1521 601 1586 in
636 1520 767 1608 seriptis
792 1519 893 1584 nimis
926 1517 1029 1596 tesde,
1064 1516 1102 1581 in
1136 1516 1236 1603 Regio
1260 1518 1495 1602 contemptum,

447 1632 465 1659 “
488 1623 717 1703 deliberastis;
748 1627 826 1710 peto
849 1621 938 1707 quod
959 1620 1096 1686 libertas
1122 1616 1269 1686 civitatis
1291 1618 1441 1706 eupiutur
1456 1617 1497 1681 in

447 1735 465 1764 “
488 1748 606 1792 munus
629 1723 758 1812 Regio.’'

492 1828 557 1894 Sed
581 1834 694 1895 tomen
717 1825 907 1893 deliberatae
929 1825 1065 1892 fuenmt
1086 1845 1196 1890 eorem
1212 1823 1412 1891 Juotioiuriie
1434 1822 1497 1890 ola·

447 1931 607 1998 motiones
628 1929 830 2008 libertatum,
854 1929 936 1994 serie
958 1927 1164 2014 sequenti.—

306 2033 764 2100 1³..u1“Oommunitae
800 2031 1047 2096 Londonierum
1077 2029 1245 2096 sumonito
1274 2028 1340 2095 suit
1373 2029 1417 2095 ud
1448 2051 1498 2094 re-

279 2097 468 2200 fflis“
450 2135 720 2223 “spondendum
754 2133 899 2200 Domino
930 2133 1015 2220 Regi
1038 2133 1079 2198 de
1102 2133 1234 2220 placite,
1258 2154 1324 2219 quo
1346 2136 1498 2198 worouto

280 2199 344 2294 ‘ibic
341 2201 612 2305 iiiiei=““01amat
634 2238 753 2304 habere
775 2237 954 2317 libertates,
970 2235 1181 2323 quietanciae,
1199 2241 1234 2302 et
1249 2235 1500 2302 eonsuetudines

451 2351 468 2377 “
490 2340 897 2428 summimus-videlieet,
913 2340 1032 2426 eligere
1054 2339 1192 2428 singuiis
1206 2339 1301 2404 annis
1323 2339 1364 2404 de
1386 2338 1502 2426 seipsis

282 2457 398 2553 ffugi?
451 2453 469 2480 “
493 2444 654 2530 Majorem
685 2445 729 2508 ud
762 2443 910 2529 regimen
943 2441 1092 2508 civitatis
1128 2443 1316 2528 pnediotae:
1355 2447 1391 2508 et
1413 2440 1501 2528 quod

307 2521 349 2560 ψ
395 2521 418 2560 ”
452 2548 580 2612 “idem
603 2546 710 2631 Major
732 2547 768 2610 in
798 2545 912 2611 officiis
943 2544 1145 2630 Mojoritatis
1174 2545 1262 2610 illius
1284 2545 1376 2610 ultro
1397 2561 1500 2609 unum

452 2657 470 2682 “
492 2669 617 2712 annum
647 2648 746 2712 simui
768 2669 835 2712 uon
870 2652 1040 2714 moretur:
1088 2647 1134 2712 Et
1156 2649 1245 2733 quod
1271 2648 1360 2713 idem
1383 2645 1499 2734 Major,

453 2750 571 2815 “dum
598 2749 706 2835 Major
735 2748 843 2827 fuerit,
873 2771 941 2814 uon
967 2749 1089 2815 hebeat
1116 2750 1206 2815 aliud
1239 2748 1382 2816 officium
1412 2771 1499 2836 spee-

453 2857 470 2886 “
493 2856 570 2917 tane
600 2851 642 2916 ud
673 2851 846 2918 civitatem
878 2851 970 2916 illum
1003 2870 1103 2937 quem
1134 2851 1276 2917 officium
1300 2851 1500 2938 Mejoritetie

454 2962 470 2989 “
494 2953 584 3020 illius
596 2979 605 3036 ;
627 2975 687 3019 neo
709 2953 774 3018 sibi
797 2954 957 3036 attrahat,
973 2976 1034 3020 neo
1056 2975 1164 3020 corum
1188 2954 1259 3042 ipso
1282 2959 1404 3034 teneat,
1429 2954 1498 3042 pla-

453 3064 471 3093 “
494 3058 596 3123 citum
620 3055 856 3123 Vicecomitule
891 3057 928 3122 in
960 3057 1100 3123 Camere
1133 3057 1281 3122 civitatis
1314 3057 1501 3144 praedietae;

453 3169 470 3195 “
493 3182 554 3226 neo
584 3159 650 3224 alia
672 3159 796 3246 placitu
818 3180 918 3245 quum
941 3159 1000 3224 iile
1022 3181 1096 3245 quae
1126 3161 1306 3226 secundum
1329 3161 1501 3246 antiquum

452 3272 470 3299 “
493 3262 764 3328 consuetudinem
786 3260 935 3327 civitatis
957 3261 1058 3337 illiue,
1077 3266 1237 3347 tunquam
1261 3263 1375 3350 Major,
1392 3267 1503 3330 tenere

454 3375 471 3400 “
495 3367 615 3432 debet:
655 3368 697 3444 et,
733 3365 823 3451 Rege
857 3369 918 3429 aut
953 3364 1140 3430 Beronibus
1173 3365 1240 3430 suis
1271 3366 1313 3431 de
1336 3365 1503 3432 Soaourio

452 3478 469 3502 “
493 3467 581 3554 opud
604 3467 934 3532 westmonasterium
956 3466 1013 3531 vel
1046 3466 1233 3532 Londoniae
1261 3488 1328 3532 non
1359 3469 1502 3534 existen-

453 3579 470 3604 “
494 3563 591 3646 tibus,
616 3573 814 3655 praeoenture
837 3568 1018 3654 quemlibet
1041 3569 1200 3655 Majorem
1224 3591 1321 3656 quem
1344 3569 1504 3658 elegerint

452 3679 471 3708 ‘¹
495 3670 749 3736 Constubulurio
770 3670 884 3736 Tunis
907 3670 1162 3752 londoniarum,
1187 3673 1245 3759 qui
1267 3689 1327 3759 pro
1357 3677 1504 3761 tempom

453 3781 471 3808 “
494 3773 606 3852 iuuit,
621 3777 655 3838 et
684 3771 745 3837 hoo
767 3777 863 3836 extre
883 3777 1014 3859 portum
1044 3773 1142 3841 diutae
1166 3773 1281 3840 Turris
1293 3798 1301 3854 3
1324 3776 1426 3842 etsie
1448 3777 1505 3842 ad·

454 3874 586 3940 “mitti
616 3875 652 3938 in
682 3873 877 3960 formaque
908 3875 951 3940 od
983 3875 1109 3942 dietum
1132 3876 1337 3942 &eucarium
1361 3900 1504 3964 proesen-

452 3986 470 4013 “
493 3978 559 4044 teri
582 3977 789 4043 consueverit
801 4001 809 4057 ;
832 3976 882 4043 ite
904 3978 992 4064 quod
1014 3979 1051 4042 in
1072 3979 1224 4065 proximo
1239 3979 1386 4046 adventu
1404 3981 1504 4070 Regis

454 4090 471 4116 “
493 4082 549 4146 vel
581 4078 751 4146 haeredum
784 4101 916 4146 suorum
951 4099 1056 4167 usque
1088 4079 1419 4149 Westmonuoterium
1449 4084 1504 4150 vel

453 4193 470 4218 “
494 4183 688 4262 Londonius,
725 4181 833 4248 dietus
865 4181 972 4268 Major
1006 4183 1091 4271 Regi
1125 4189 1185 4250 out
1215 4183 1403 4252 haeredibue
1436 4187 1504 4253 suis

284 4317 398 4378 istaut
453 4295 470 4322 ‘⁴
492 4289 753 4373 repmesentetur,
770 4289 804 4349 et
826 4283 863 4348 in
888 4283 1046 4371 Mujorem
1070 4286 1277 4354 admittetur.
1323 4287 1370 4354 Et
1391 4290 1503 4371 etium,

284 4368 421 4422 smmi
450 4397 469 4426 ‘¹
491 4390 611 4455 habere
634 4392 669 4453 et
683 4392 796 4454 tenere
811 4387 1087 4454 Vioeoomitotum
1103 4387 1350 4456 Londoniarum
1365 4395 1400 4457 et
1416 4391 1503 4458 Mid-
1551 4476 1552 4479 Ἴ

453 4500 470 4527 “
492 4491 654 4569 deleexiae,
679 4511 754 4556 uum
776 4488 929 4555 omnibus
952 4489 1050 4556 rebus
1073 4497 1108 4557 et
1137 4492 1431 4559 consuetudinibus
1459 4495 1505 4560 od

451 4601 470 4631 “
493 4593 707 4659 Vioeoomitee
736 4591 810 4657 illos
847 4591 1098 4678 pertinentibus,
1137 4593 1226 4659 inire
1258 4595 1431 4662 civitatem
1469 4601 1504 4662 et

451 4705 470 4730 “
492 4699 596 4774 extre,
619 4715 679 4782 per
702 4696 822 4759 terram
845 4693 900 4760 vel
921 4716 980 4781 per
1002 4715 1130 4782 aquam,
1153 4717 1213 4783 per
1227 4699 1348 4763 oei-tam
1372 4699 1501 4764 firmem

453 4794 579 4883 “Regi
615 4796 790 4861 annuatim
820 4795 899 4862 inde
921 4796 1144 4878 reddendum
1183 4797 1283 4866 salvis
1314 4800 1501 4868 Beronibus
