3462 5836
255 880 298 942 14
315 891 399 942 now.
417 873 471 962 11.]
509 889 673 940 semmae
695 886 896 938 nunvnsun
919 885 963 936 si·
985 885 1055 934 uun
1079 885 1166 934 rma
1238 867 1303 935 349

298 1083 348 1149 De
382 1079 638 1148 vicecomitibus
679 1084 715 1147 et
755 1077 830 1146 aliis
868 1078 925 1164 qui
958 1079 1139 1145 tenuerunt
1177 1073 1305 1141 Placita

253 1184 399 1264 Coronae,
425 1189 461 1250 et
484 1205 559 1270 quae
582 1183 712 1272 placita.

297 1287 349 1353 De
370 1285 535 1352 usurariis
554 1284 754 1352 Christianis
788 1283 927 1349 mortuis
939 1282 1051 1368 ;—qui
1089 1281 1234 1362 fluerunt,
1269 1284 1304 1346 et

251 1391 310 1478 qui
332 1389 453 1456 catalla
475 1389 672 1467 habueruut,
696 1391 732 1454 et
755 1387 814 1472 qui
840 1407 880 1451 aa
901 1385 1033 1450 habent

298 1492 349 1558 De
372 1489 584 1558 falsatoribus
607 1493 643 1556 et
665 1487 889 1554 retonsoribus
912 1486 1131 1553 denariorum.

297 1592 349 1660 ΒΘ
380 1598 514 1660 moneta
551 1597 586 1657 et
617 1589 780 1657 escambio
814 1588 952 1656 Domini
987 1588 1087 1675 Regis
1121 1587 1304 1667 Scaocarii;

253 1695 326 1781 quis
347 1694 472 1761 scilieet
492 1693 607 1760 fecerit
622 1695 789 1760 monetam
804 1696 839 1758 et
861 1689 1059 1757 escambium
1074 1691 1146 1756 sine
1161 1690 1304 1758 Domino

254 1799 344 1885 Rege
367 1797 421 1864 vel
443 1795 651 1864 Jueticiariis

298 1900 350 1966 ΒΘ
371 1899 605 1987 burgetoribus
629 1902 665 1964 et
694 1895 967 1978 malefactoribus,
994 1900 1165 1963 eteorum
1194 1917 1304 1982 recep-

253 2003 389 2082 toribus,
414 2007 561 2089 tempore
583 1998 680 2089 pacis

298 2105 350 2170 De
379 2104 538 2192 utlagatis
570 2109 606 2170 et
629 2102 789 2192 fugitivis,
826 2102 963 2189 etquis
999 2101 1202 2170 ¹reddiderit
1227 2107 1304 2191 post

253 2207 452 2296 utlagariam
467 2207 521 2274 val
536 2207 650 2296 fugam
665 2207 736 2272 siue
752 2211 930 2272 warranto.

298 2311 349 2377 De
379 2310 448 2376 hiis
477 2331 537 2398 per
567 2330 708 2398 quorum
744 2313 850 2375 terras
879 2307 1023 2396 utlegeti
1052 2312 1087 2374 et
1108 2307 1303 2396 burgetores

252 2413 468 2491 transierunt,
503 2418 538 2480 et
568 2413 626 2499 qui
666 2433 734 2478 non
773 2410 910 2478 fecerint
949 2416 1071 2477 sectam
1101 2415 1177 2498 post
1206 2412 1302 2500 ipsos,

253 2516 339 2582 sicut
354 2515 459 2584 facere
482 2513 676 2582 debuerunt

298 2618 351 2684 ΒΘ
393 2617 546 2684 mercatis
576 2616 713 2683 Domini
741 2615 850 2704 Regis,
882 2613 982 2682 motis
1012 2615 1057 2683 ab
1085 2639 1153 2682 uno
1185 2617 1238 2684 die
1267 2617 1304 2682 iu

252 2721 365 2799 alium,
395 2721 466 2788 sine
497 2720 630 2787 licentia
668 2718 805 2786 Domini
844 2717 953 2806 Regis,
992 2717 1058 2785 uisi
1095 2719 1142 2786 eit
1179 2719 1221 2786 de
1252 2720 1304 2786 die

253 2823 435 2892 Dominica
482 2823 528 2889 Et
561 2822 590 2889 si
619 2823 709 2910 quod
739 2827 931 2900 mercatum,
962 2821 1003 2888 dc
1028 2844 1117 2889 novo
1146 2823 1302 2902 levatum,

252 2928 298 2993 sit
322 2927 394 2994 sine
418 2925 556 2992 licentia
582 2925 719 2992 Domini
743 2921 855 3012 Regis.

297 3031 349 3096 De
375 3029 439 3095 hiis
466 3029 525 3115 qui
550 3028 697 3117 ceperint
722 3028 904 3093 mercedem
938 3048 999 3114 pro
1028 3027 1135 3093 bladis
1165 3033 1200 3094 et
1230 3028 1305 3093 aliis

253 3133 380 3198 catallis
427 3130 646 3211 dimittendis,
692 3151 735 3196 ne
775 3133 970 3216 caperentur
1015 3129 1058 3194 ad
1097 3129 1236 3212 Castra3
1270 3137 1305 3197 et

253 3234 405 3300 similiter
427 3232 468 3300 de
490 3233 586 3320 prisis
607 3232 702 3299 fectis
717 3253 776 3320 per
795 3231 1020 3313 Vicecomites,
1036 3231 1303 3314 constabularios,
1334 3293 1338 3302 .

252 3337 307 3402 vel
340 3335 421 3402 alios
458 3335 608 3415 ballivos,
640 3339 755 3402 contra
788 3333 995 3400 voluntatem
1022 3355 1134 3400 eorum
1164 3355 1304 3422 quorum

254 3437 375 3505 catalla
396 3439 456 3504 illa
477 3438 609 3504 fuerint

298 3539 351 3606 De
380 3540 445 3605 hiis
470 3539 527 3626 qui
552 3538 711 3606 sumoniti
734 3537 859 3606 fuerint
881 3539 989 3627 primo
1013 3539 1067 3606 die
1092 3561 1202 3607 ooram
1226 3540 1304 3608 Jus-

253 3642 400 3722 ticiariis,
417 3647 453 3708 et
474 3664 543 3709 non
569 3648 751 3709 venerunt

298 3744 350 3811 De
384 3744 489 3811 Gaola
521 3743 702 3812 deliberata
730 3744 802 3810 eine
835 3749 1003 3812 warranto
1034 3745 1171 3813 Domini
1204 3747 1305 3835 Regis

252 3847 308 3913 val
344 3846 611 3913 ertioiariorum
646 3869 805 3929 suorum3
838 3851 873 3913 et
907 3847 1069 3928 similiter,
1099 3849 1157 3934 qui
1188 3853 1306 3917 tenent

253 3950 376 4037 placita
398 3951 439 4016 de
462 3950 695 4038 probatoribus
718 3949 790 4017 sine
814 3955 992 4016 warranto.

299 4053 350 4118 De
372 4051 637 4120 malefactoribus
651 4053 688 4118 in
709 4052 817 4142 parcis
832 4057 867 4119 et
892 4050 1142 4140 vivariis-qui
1165 4053 1214 4119 illi
1228 4053 1303 4121 sint

253 4155 305 4221 ΒΘ
327 4155 481 4221 evasione
503 4155 656 4224 felouum.
1175 4185 1178 4192 ·

220 4317 225 4328 .
297 4257 350 4324 De
381 4256 506 4346 rapinis
540 4257 635 4324 lactis
662 4256 838 4339 extraneis,
869 4261 906 4324 et
935 4257 1032 4345 prisis
1061 4259 1248 4342 extraneis3
1271 4265 1306 4328 et

252 4381 312 4446 per
341 4381 423 4446 quos
449 4359 519 4426 haec
543 4365 623 4427 sunt
646 4359 743 4438 facta,
775 4364 810 4426 et
831 4360 1007 4446 quomodo,
1037 4366 1072 4427 et
1102 4361 1169 4442 ubi,
1200 4367 1235 4429 et
1264 4362 1305 4430 de

252 4461 372 4548 quibus
397 4464 505 4541 rebus,
530 4467 565 4530 et
590 4463 628 4529 in
654 4461 748 4549 cujus
772 4467 945 4550 potestate

607 4783 615 4815 ¹
635 4780 836 4854 Momproperly
847 4777 954 4836 radiarit.
