3462 5836
462 887 527 954 356
797 897 900 948 arnna
922 895 1167 948 cusruuaauu
1311 880 1468 967 [llsov.
1481 893 1524 944 11·

507 1069 544 1138 Si
566 1067 639 1154 quis
665 1067 859 1148 vicecomes,
876 1067 930 1134 vel
950 1066 1009 1134 alii
1031 1066 1155 1145 ballivi,
1178 1068 1400 1155 cujuscunque
1420 1069 1526 1134 liber-

462 1171 550 1252 tatis,
584 1169 722 1238 fecerint
750 1192 819 1236 non
853 1169 967 1236 debito
998 1171 1096 1236 modo
1133 1171 1299 1250 sumoniri
1339 1170 1523 1236 secundum

462 1275 600 1340 formam
627 1273 737 1340 brevis
763 1271 900 1338 Domini
925 1271 1045 1360 Regis3
1077 1271 1132 1338 vel
1154 1273 1252 1339 aliter
1284 1273 1523 1350 fraudulenter,

462 1399 520 1444 seu
551 1377 661 1442 minus
695 1374 903 1454 sufficienter,
928 1375 1059 1441 executi
1081 1374 1205 1441 fuerint
1227 1381 1429 1462 praeceptum
1453 1375 1523 1440 Do

463 1479 547 1546 mini
573 1479 683 1566 Regis,
705 1500 809 1565 prece,
841 1477 958 1564 pretio,
982 1477 1036 1543 vel
1067 1476 1187 1556 favore,
1222 1483 1257 1544 et
1286 1500 1308 1542 a
1337 1500 1402 1563 quo
1434 1483 1522 1543 tem-

463 1603 549 1671 pore.
596 1581 692 1658 Item,
715 1579 773 1667 qui
794 1579 975 1646 habuerint
997 1578 1119 1646 soona
1148 1581 1380 1666 inprisonatos,
1403 1585 1439 1646 et
1459 1603 1523 1668 pro

463 1683 603 1772 pecunia
640 1705 696 1749 eos
729 1681 819 1750 abire
853 1703 874 1748 a
906 1681 1040 1770 prisona
1065 1687 1101 1748 et
1130 1681 1269 1748 evadere
1299 1683 1521 1770 permiserint,

463 1787 583 1854 liberos
605 1789 640 1853 et
654 1785 814 1872 impunes.
861 1783 907 1852 Et
930 1785 987 1872 qui
1009 1784 1182 1872 pecuniam
1204 1785 1297 1850 illam
1319 1785 1523 1850 extorserint

463 1913 523 1979 pro
545 1888 685 1977 primnis
701 1887 909 1956 dimittendis
930 1909 989 1974 per
1011 1888 1184 1974 pleviuam,
1201 1909 1275 1954 ovum
1291 1886 1333 1953 de
1350 1887 1426 1973 jure
1448 1888 1522 1954 fue-

462 1994 533 2063 rint
556 1990 818 2080 irreplegiabiles,
841 1993 876 2056 et
899 2012 920 2055 a
941 2011 1006 2076 quo
1029 1995 1186 2077 tempore.

511 2095 606 2172 Item,
631 2094 671 2159 da
697 2093 762 2158 biis
784 2093 842 2178 qui
862 2091 1041 2158 habuerint
1063 2092 1256 2179 probatores
1277 2092 1521 2179 imprisonatos,

464 2203 499 2264 et
524 2196 661 2264 fecerint
694 2217 748 2263 eos
781 2194 944 2282 appellare
976 2194 1090 2260 fideles
1124 2201 1159 2262 et
1188 2195 1386 2274 innocentes,
1421 2217 1524 2262 causo

463 2301 568 2380 luori3
600 2303 635 2366 et
669 2297 867 2384 quandoque
899 2319 954 2364 eos
993 2297 1206 2384 impedierint
1239 2320 1282 2364 ne
1314 2298 1523 2385 appellarent

466 2403 666 2492 culpabiles3
698 2407 733 2468 et
764 2423 824 2488 per
857 2421 997 2487 quorum
1030 2400 1292 2488 procurationem
1326 2399 1409 2468 tolia
1430 2400 1524 2466 fricta

465 2507 600 2585 fuerint,
625 2511 659 2572 ct
681 2527 702 2568 a
725 2525 791 2590 quo
814 2508 969 2589 tempore.
1271 2515 1274 2520 ·

511 2609 608 2686 Item,
635 2607 691 2692 qui
716 2607 803 2671 dona
823 2605 877 2673 vel
900 2605 992 2671 lucra
1015 2603 1128 2692 aliqua
1150 2605 1299 2692 ceperint
1319 2627 1379 2694 pro
1406 2605 1524 2672 officiis

466 2711 534 2778 suis
565 2709 764 2787 exercendis,
797 2709 851 2774 vel
884 2707 983 2774 aliter
1013 2709 1144 2775 executi
1174 2708 1306 2787 fuerint,
1339 2708 1394 2776 vel
1423 2709 1524 2776 aliter

466 2811 673 2878 exercuerint
695 2809 776 2874 fines
809 2808 1041 2877 mandatorum
1065 2810 1202 2876 Domini
1226 2811 1333 2898 Regis,
1359 2817 1523 2898 quantum

467 2917 511 2980 ad
546 2912 689 2980 officium
721 2933 818 2979 suum
852 2913 1024 2999 pertinuit,
1049 2919 1083 2980 et
1112 2935 1133 2978 a
1166 2935 1232 3000 quo
1263 2918 1420 3004 tempore.
1475 2915 1524 2980 Et

468 3019 579 3085 omnia
600 3018 666 3082 ista
690 3015 911 3102 inquirantur,
935 3019 1006 3080 tam
1029 3015 1071 3082 dc
1094 3015 1358 3096 Vicecomitibus,
1377 3016 1526 3082 Corona-

468 3121 603 3199 toribus,
637 3125 671 3185 et
712 3139 825 3184 eorum
867 3117 991 3184 clericis
1025 3121 1060 3184 et
1097 3118 1229 3184 ballivis
1262 3118 1522 3206 quibuscunque,

467 3222 625 3311 quamde
647 3221 789 3288 dominis
812 3225 847 3286 et
869 3219 1002 3286 ballivis
1024 3219 1218 3285 libertatum
1241 3243 1522 3308 quarumcunque

514 3327 610 3402 Item,
643 3323 699 3411 qui
729 3322 949 3388 vicecomites
982 3327 1017 3387 et
1048 3321 1209 3388 Custodes
1240 3323 1434 3389 Castrorum
1467 3325 1525 3392 vel

469 3428 690 3492 maneriorum
724 3424 860 3489 Domini
898 3423 1006 3511 Regis,
1039 3422 1079 3488 de
1110 3425 1358 3512 operationibus
1385 3426 1525 3493 Domini

470 3530 569 3616 Regis
593 3529 851 3614 quibuscunque,
878 3525 932 3590 vel
963 3525 1065 3592 etiam
1091 3526 1149 3613 qui
1179 3527 1302 3592 visores
1332 3527 1525 3613 hujusmodi

469 3627 728 3719 [operationum]
771 3628 971 3712 ubicumque
1014 3627 1178 3694 factarum
1217 3651 1275 3715 per
1319 3639 1525 3718 praeceptum

471 3731 607 3799 Domini
632 3731 739 3818 Regis,
764 3731 870 3817 magis
893 3729 1160 3817 computaverint
1182 3731 1234 3796 vel
1259 3732 1429 3799 testificati
1453 3733 1525 3800 fue-

469 3837 539 3902 rint
562 3833 598 3898 in
620 3834 752 3910 eisdem,
767 3853 866 3917 quam
889 3831 1132 3898 rationabiliter
1155 3833 1340 3919 posuerint3
1364 3842 1399 3900 et
1415 3833 1524 3901 ¹simi-

470 3937 556 4014 liter,
572 3935 634 4000 hoc
648 3933 748 3999 falsvm
763 3933 976 4000 allocationes
998 3934 1063 3998 sibi
1086 3934 1159 4000 fieri
1181 3937 1440 4022 procuraverint
1477 3939 1527 4004 Et

470 4038 630 4115 similiter,
655 4035 714 4122 qui
736 4040 856 4124 petras,
880 4036 934 4100 vel
956 4035 1160 4114 meremium,
1175 4038 1230 4105 vel
1253 4039 1320 4104 alia
1343 4042 1527 4107 necessaria

471 4141 515 4206 ad
537 4138 728 4226 hujusmodi
751 4137 960 4226 operationes
995 4143 1107 4226 empta
1130 4161 1189 4206 seu
1211 4141 1352 4227 provisa,
1376 4143 1419 4208 ad
1442 4165 1526 4231 opus

471 4265 567 4309 suum
589 4241 788 4308 retinuerint
810 4262 868 4306 seu
899 4241 1086 4306 amoverint
1098 4265 1106 4322 ;
1137 4247 1171 4307 et
1199 4243 1280 4328 quid
1303 4249 1339 4310 et
1360 4251 1526 4331 quantum

472 4346 630 4412 damnum
646 4344 809 4409 Dominus
832 4340 905 4407 Rex
928 4343 1006 4408 inde
1029 4343 1157 4422 babuit,
1181 4351 1216 4412 et
1238 4367 1259 4410 a
1280 4368 1346 4432 quo
1369 4353 1526 4436 tempore.

516 4447 568 4512 De
579 4445 809 4512 Escaetoribus
824 4449 858 4510 et
869 4444 1194 4534 Subesca[e]toribus
1209 4447 1245 4512 in
1257 4449 1377 4515 seisina
1388 4451 1527 4517 Domini

473 4549 581 4636 Regis,
606 4548 803 4613 facientibus
825 4553 957 4613 vastum
982 4548 1038 4614 vel
1060 4548 1316 4616 destructionem
1347 4552 1384 4618 in
1408 4554 1525 4639 parcis,

871 4775 878 4804 ¹
891 4773 935 4824 An
948 4787 1018 4828 orror
1028 4771 1068 4823 sor
1079 4789 1160 4842 super.
