<?xml version="1.0" encoding="UTF-8"?>
<!DOCTYPE html PUBLIC "-//W3C//DTD XHTML 1.0 Transitional//EN"
    "http://www.w3.org/TR/xhtml1/DTD/xhtml1-transitional.dtd">
<html xmlns="http://www.w3.org/1999/xhtml" xml:lang="en" lang="en">
 <head>
  <title>
</title>
<meta http-equiv="Content-Type" content="text/html;charset=utf-8" />
  <meta name='ocr-system' content='tesseract 3.04.00' />
  <meta name='ocr-capabilities' content='ocr_page ocr_carea ocr_par ocr_line ocrx_word'/>
</head>
<body>
  <div class='ocr_page' id='page_1' title='image "./munimentagildha05librgoog_0335.png"; bbox 0 0 3624 5824; ppageno 0'>
   <div class='ocr_carea' id='block_1_1' title="bbox 299 903 1345 998">
    <p class='ocr_par' dir='ltr' id='par_1_1' title="bbox 299 903 1345 998">
     <span class='ocr_line' id='line_1_1' title="bbox 299 903 1345 998; baseline 0 -17"><span class='ocrx_word' id='word_1_1' title='bbox 299 913 318 980; x_wconf 87' lang='lat'>9</span> <span class='ocrx_word' id='word_1_2' title='bbox 333 925 417 980; x_wconf 80' lang='lat' dir='ltr'><strong>now.</strong></span> <span class='ocrx_word' id='word_1_3' title='bbox 432 908 487 998; x_wconf 91' lang='lat'>11.]</span> <span class='ocrx_word' id='word_1_4' title='bbox 505 922 671 976; x_wconf 75' lang='lat' dir='ltr'><strong>anamma</strong></span> <span class='ocrx_word' id='word_1_5' title='bbox 684 921 727 976; x_wconf 80' lang='lat' dir='ltr'><strong>se</strong></span> <span class='ocrx_word' id='word_1_6' title='bbox 741 923 784 976; x_wconf 87' lang='lat' dir='ltr'><strong>ro</strong></span> <span class='ocrx_word' id='word_1_7' title='bbox 800 919 1041 986; x_wconf 81' lang='lat' dir='ltr'><strong>vooouruoro</strong></span> <span class='ocrx_word' id='word_1_8' title='bbox 1056 919 1256 973; x_wconf 78' lang='lat' dir='ltr'><strong>wmamrr.</strong></span> <span class='ocrx_word' id='word_1_9' title='bbox 1282 903 1345 981; x_wconf 80' lang='lat'><strong>175</strong></span> 
     </span>
    </p>
   </div>
   <div class='ocr_carea' id='block_1_2' title="bbox 298 1111 1481 4794">
    <p class='ocr_par' dir='ltr' id='par_1_2' title="bbox 298 1111 1481 4794">
     <span class='ocr_line' id='line_1_2' title="bbox 301 1111 1348 1202; baseline -0.004 -18"><span class='ocrx_word' id='word_1_10' title='bbox 301 1114 601 1202; x_wconf 84' lang='lat' dir='ltr'><strong>“complacitum</strong></span> <span class='ocrx_word' id='word_1_11' title='bbox 627 1113 711 1182; x_wconf 89' lang='lat' dir='ltr'><strong>illud</strong></span> <span class='ocrx_word' id='word_1_12' title='bbox 741 1113 781 1180; x_wconf 90' lang='lat' dir='ltr'><strong>de</strong></span> <span class='ocrx_word' id='word_1_13' title='bbox 805 1113 969 1180; x_wconf 83' lang='lat' dir='ltr'><strong>warantis</strong></span> <span class='ocrx_word' id='word_1_14' title='bbox 994 1134 1104 1180; x_wconf 90' lang='lat' dir='ltr'><strong>coram</strong></span> <span class='ocrx_word' id='word_1_15' title='bbox 1126 1111 1247 1180; x_wconf 86' lang='lat' dir='ltr'><strong>eisdem</strong></span> <span class='ocrx_word' id='word_1_16' title='bbox 1269 1113 1348 1180; x_wconf 87' lang='lat' dir='ltr'><strong>Jus-</strong></span> 
     </span>
     <span class='ocr_line' id='line_1_3' title="bbox 300 1215 1346 1296; baseline -0.001 -12"><span class='ocrx_word' id='word_1_17' title='bbox 300 1228 317 1254; x_wconf 89' lang='lat'><strong>“</strong></span> <span class='ocrx_word' id='word_1_18' title='bbox 340 1217 477 1286; x_wconf 87' lang='lat' dir='ltr'><strong>tioiariis</strong></span> <span class='ocrx_word' id='word_1_19' title='bbox 499 1217 715 1284; x_wconf 89' lang='lat' dir='ltr'><strong>terminatum</strong></span> <span class='ocrx_word' id='word_1_20' title='bbox 737 1216 847 1296; x_wconf 84' lang='lat' dir='ltr'><strong>fuerit,</strong></span> <span class='ocrx_word' id='word_1_21' title='bbox 871 1219 954 1282; x_wconf 89' lang='lat' dir='ltr'><strong>tunc</strong></span> <span class='ocrx_word' id='word_1_22' title='bbox 984 1215 1123 1284; x_wconf 85' lang='lat' dir='ltr'><strong>ulterius</strong></span> <span class='ocrx_word' id='word_1_23' title='bbox 1144 1216 1222 1284; x_wconf 89' lang='lat' dir='ltr'><strong>inde</strong></span> <span class='ocrx_word' id='word_1_24' title='bbox 1246 1217 1346 1296; x_wconf 88' lang='lat' dir='ltr'><strong>fieret,</strong></span> 
     </span>
     <span class='ocr_line' id='line_1_4' title="bbox 302 1317 1350 1407; baseline -0.002 -19"><span class='ocrx_word' id='word_1_25' title='bbox 302 1331 318 1356; x_wconf 89' lang='lat'>“</span> <span class='ocrx_word' id='word_1_26' title='bbox 341 1326 412 1388; x_wconf 86' lang='lat' dir='ltr'><strong>tam</strong></span> <span class='ocrx_word' id='word_1_27' title='bbox 439 1342 550 1388; x_wconf 89' lang='lat' dir='ltr'><strong>coram</strong></span> <span class='ocrx_word' id='word_1_28' title='bbox 572 1317 775 1386; x_wconf 77' lang='lat' dir='ltr'><strong>luetioicriis</strong></span> <span class='ocrx_word' id='word_1_29' title='bbox 807 1319 975 1406; x_wconf 82' lang='lat' dir='ltr'><strong>praedictis</strong></span> <span class='ocrx_word' id='word_1_30' title='bbox 1007 1339 1108 1404; x_wconf 90' lang='lat' dir='ltr'><strong>quam</strong></span> <span class='ocrx_word' id='word_1_31' title='bbox 1136 1339 1245 1386; x_wconf 87' lang='lat' dir='ltr'><strong>coram</strong></span> <span class='ocrx_word' id='word_1_32' title='bbox 1267 1341 1350 1407; x_wconf 86' lang='lat' dir='ltr'><strong>prse-</strong></span> 
     </span>
     <span class='ocr_line' id='line_1_5' title="bbox 300 1421 1349 1509; baseline -0.004 -17"><span class='ocrx_word' id='word_1_33' title='bbox 300 1434 318 1461; x_wconf 90' lang='lat'>“</span> <span class='ocrx_word' id='word_1_34' title='bbox 341 1423 420 1492; x_wconf 85' lang='lat' dir='ltr'><strong>fatis</strong></span> <span class='ocrx_word' id='word_1_35' title='bbox 458 1422 585 1509; x_wconf 85' lang='lat' dir='ltr'><strong>Majore</strong></span> <span class='ocrx_word' id='word_1_36' title='bbox 609 1428 645 1489; x_wconf 90' lang='lat' dir='ltr'><strong>ct</strong></span> <span class='ocrx_word' id='word_1_37' title='bbox 683 1422 829 1501; x_wconf 87' lang='lat' dir='ltr'><strong>Ballivie,</strong></span> <span class='ocrx_word' id='word_1_38' title='bbox 869 1427 968 1508; x_wconf 89' lang='lat' dir='ltr'><strong>prout</strong></span> <span class='ocrx_word' id='word_1_39' title='bbox 1008 1422 1044 1486; x_wconf 91' lang='lat' dir='ltr'><strong>in</strong></span> <span class='ocrx_word' id='word_1_40' title='bbox 1083 1421 1173 1488; x_wconf 90' lang='lat' dir='ltr'><strong>dicto</strong></span> <span class='ocrx_word' id='word_1_41' title='bbox 1212 1423 1349 1490; x_wconf 85' lang='lat' dir='ltr'><strong>Statuto</strong></span> 
     </span>
     <span class='ocr_line' id='line_1_6' title="bbox 301 1524 1348 1612; baseline -0.004 -18"><span class='ocrx_word' id='word_1_42' title='bbox 301 1526 493 1594; x_wconf 84' lang='lat' dir='ltr'><strong>“scriosius</strong></span> <span class='ocrx_word' id='word_1_43' title='bbox 522 1525 721 1594; x_wconf 75' lang='lat' dir='ltr'><strong>continetur.</strong></span> <span class='ocrx_word' id='word_1_44' title='bbox 775 1525 827 1592; x_wconf 86' lang='lat' dir='ltr'><strong>Ac</strong></span> <span class='ocrx_word' id='word_1_45' title='bbox 856 1524 945 1590; x_wconf 89' lang='lat' dir='ltr'><strong>idem</strong></span> <span class='ocrx_word' id='word_1_46' title='bbox 975 1529 1072 1612; x_wconf 85' lang='lat' dir='ltr'><strong>pater</strong></span> <span class='ocrx_word' id='word_1_47' title='bbox 1102 1529 1223 1604; x_wconf 83' lang='lat' dir='ltr'><strong>noster,</strong></span> <span class='ocrx_word' id='word_1_48' title='bbox 1257 1530 1348 1612; x_wconf 90' lang='lat' dir='ltr'><strong>post-</strong></span> 
     </span>
     <span class='ocr_line' id='line_1_7' title="bbox 301 1627 1349 1714; baseline -0.004 -18"><span class='ocrx_word' id='word_1_49' title='bbox 301 1638 319 1666; x_wconf 90' lang='lat'>“</span> <span class='ocrx_word' id='word_1_50' title='bbox 340 1629 446 1708; x_wconf 88' lang='lat' dir='ltr'><strong>modo,</strong></span> <span class='ocrx_word' id='word_1_51' title='bbox 480 1650 568 1696; x_wconf 91' lang='lat' dir='ltr'><strong>auno</strong></span> <span class='ocrx_word' id='word_1_52' title='bbox 589 1628 685 1714; x_wconf 82' lang='lat' dir='ltr'><strong>regni</strong></span> <span class='ocrx_word' id='word_1_53' title='bbox 707 1628 758 1694; x_wconf 88' lang='lat' dir='ltr'><strong>sui</strong></span> <span class='ocrx_word' id='word_1_54' title='bbox 779 1648 875 1707; x_wconf 91' lang='lat' dir='ltr'><strong>nono,</strong></span> <span class='ocrx_word' id='word_1_55' title='bbox 892 1627 1081 1694; x_wconf 81' lang='lat' dir='ltr'><strong>Articrrlum</strong></span> <span class='ocrx_word' id='word_1_56' title='bbox 1103 1627 1198 1694; x_wconf 91' lang='lat' dir='ltr'><strong>illum</strong></span> <span class='ocrx_word' id='word_1_57' title='bbox 1222 1627 1349 1696; x_wconf 84' lang='lat' dir='ltr'><strong>Statuti</strong></span> 
     </span>
     <span class='ocr_line' id='line_1_8' title="bbox 300 1729 1350 1820; baseline -0.004 -20"><span class='ocrx_word' id='word_1_58' title='bbox 300 1741 316 1768; x_wconf 88' lang='lat'><strong>“</strong></span> <span class='ocrx_word' id='word_1_59' title='bbox 339 1731 498 1820; x_wconf 69' lang='lat' dir='ltr'><strong>predicti,</strong></span> <span class='ocrx_word' id='word_1_60' title='bbox 522 1732 563 1798; x_wconf 89' lang='lat' dir='ltr'><strong>dc</strong></span> <span class='ocrx_word' id='word_1_61' title='bbox 594 1729 729 1798; x_wconf 89' lang='lat' dir='ltr'><strong>consilio</strong></span> <span class='ocrx_word' id='word_1_62' title='bbox 759 1751 826 1808; x_wconf 84' lang='lat' dir='ltr'><strong>cuo,</strong></span> <span class='ocrx_word' id='word_1_63' title='bbox 850 1751 910 1817; x_wconf 90' lang='lat' dir='ltr'><strong>pro</strong></span> <span class='ocrx_word' id='word_1_64' title='bbox 928 1729 1064 1815; x_wconf 81' lang='lat' dir='ltr'><strong>justitia</strong></span> <span class='ocrx_word' id='word_1_65' title='bbox 1087 1729 1292 1808; x_wconf 88' lang='lat' dir='ltr'><strong>maturanda,</strong></span> <span class='ocrx_word' id='word_1_66' title='bbox 1316 1735 1350 1796; x_wconf 87' lang='lat' dir='ltr'><strong>ct</strong></span> 
     </span>
     <span class='ocr_line' id='line_1_9' title="bbox 302 1831 1350 1920; baseline -0.004 -18"><span class='ocrx_word' id='word_1_67' title='bbox 302 1835 469 1902; x_wconf 85' lang='lat' dir='ltr'><strong>“damnis</strong></span> <span class='ocrx_word' id='word_1_68' title='bbox 508 1855 583 1920; x_wconf 86' lang='lat' dir='ltr'><strong>quoe</strong></span> <span class='ocrx_word' id='word_1_69' title='bbox 614 1855 673 1920; x_wconf 85' lang='lat' dir='ltr'><strong>per</strong></span> <span class='ocrx_word' id='word_1_70' title='bbox 713 1831 891 1900; x_wconf 75' lang='lat' dir='ltr'><strong>dilationes</strong></span> <span class='ocrx_word' id='word_1_71' title='bbox 923 1832 960 1898; x_wconf 89' lang='lat' dir='ltr'><strong>in</strong></span> <span class='ocrx_word' id='word_1_72' title='bbox 996 1832 1058 1898; x_wconf 80' lang='lat' dir='ltr'><strong>hoo</strong></span> <span class='ocrx_word' id='word_1_73' title='bbox 1091 1841 1185 1918; x_wconf 88' lang='lat' dir='ltr'><strong>parte</strong></span> <span class='ocrx_word' id='word_1_74' title='bbox 1216 1838 1350 1920; x_wconf 86' lang='lat' dir='ltr'><strong>possent</strong></span> 
     </span>
     <span class='ocr_line' id='line_1_10' title="bbox 301 1935 1350 2022; baseline -0.003 -17"><span class='ocrx_word' id='word_1_75' title='bbox 301 1948 318 1974; x_wconf 89' lang='lat'>“</span> <span class='ocrx_word' id='word_1_76' title='bbox 340 1939 480 2017; x_wconf 87' lang='lat' dir='ltr'><strong>evenire,</strong></span> <span class='ocrx_word' id='word_1_77' title='bbox 514 1937 686 2016; x_wconf 72' lang='lat' dir='ltr'><strong>evitandis,</strong></span> <span class='ocrx_word' id='word_1_78' title='bbox 718 1935 839 2022; x_wconf 78' lang='lat' dir='ltr'><strong>corrigi</strong></span> <span class='ocrx_word' id='word_1_79' title='bbox 871 1935 984 2002; x_wconf 85' lang='lat' dir='ltr'><strong>lecerit</strong></span> <span class='ocrx_word' id='word_1_80' title='bbox 1015 1940 1051 2002; x_wconf 91' lang='lat' dir='ltr'><strong>et</strong></span> <span class='ocrx_word' id='word_1_81' title='bbox 1076 1936 1209 2014; x_wconf 86' lang='lat' dir='ltr'><strong>mutari,</strong></span> <span class='ocrx_word' id='word_1_82' title='bbox 1243 1936 1281 2002; x_wconf 91' lang='lat' dir='ltr'><strong>in</strong></span> <span class='ocrx_word' id='word_1_83' title='bbox 1311 1959 1350 2002; x_wconf 90' lang='lat' dir='ltr'><strong>eo</strong></span> 
     </span>
     <span class='ocr_line' id='line_1_11' title="bbox 301 2037 1350 2126; baseline -0.002 -20"><span class='ocrx_word' id='word_1_84' title='bbox 301 2048 318 2076; x_wconf 87' lang='lat'><em>“</em></span> <span class='ocrx_word' id='word_1_85' title='bbox 340 2041 503 2119; x_wconf 84' lang='lat' dir='ltr'><strong>videlicet,</strong></span> <span class='ocrx_word' id='word_1_86' title='bbox 539 2040 628 2126; x_wconf 88' lang='lat' dir='ltr'><strong>quod</strong></span> <span class='ocrx_word' id='word_1_87' title='bbox 657 2039 686 2104; x_wconf 86' lang='lat' dir='ltr'><strong>ai</strong></span> <span class='ocrx_word' id='word_1_88' title='bbox 717 2038 791 2124; x_wconf 84' lang='lat' dir='ltr'><strong>quis</strong></span> <span class='ocrx_word' id='word_1_89' title='bbox 825 2037 1052 2124; x_wconf 86' lang='lat' dir='ltr'><strong>implacitatus</strong></span> <span class='ocrx_word' id='word_1_90' title='bbox 1085 2038 1126 2104; x_wconf 90' lang='lat' dir='ltr'><strong>de</strong></span> <span class='ocrx_word' id='word_1_91' title='bbox 1159 2043 1350 2106; x_wconf 87' lang='lat' dir='ltr'><strong>tenemento</strong></span> 
     </span>
     <span class='ocr_line' id='line_1_12' title="bbox 302 2140 1351 2230; baseline -0.004 -20"><span class='ocrx_word' id='word_1_92' title='bbox 302 2152 319 2178; x_wconf 88' lang='lat'><strong>“</strong></span> <span class='ocrx_word' id='word_1_93' title='bbox 341 2144 378 2210; x_wconf 92' lang='lat' dir='ltr'><strong>iu</strong></span> <span class='ocrx_word' id='word_1_94' title='bbox 399 2142 536 2210; x_wconf 89' lang='lat' dir='ltr'><strong>civitate</strong></span> <span class='ocrx_word' id='word_1_95' title='bbox 557 2142 716 2230; x_wconf 86' lang='lat' dir='ltr'><strong>praedicta</strong></span> <span class='ocrx_word' id='word_1_96' title='bbox 745 2140 915 2208; x_wconf 81' lang='lat' dir='ltr'><strong>vocaverit</strong></span> <span class='ocrx_word' id='word_1_97' title='bbox 940 2141 1137 2208; x_wconf 86' lang='lat' dir='ltr'><strong>forinsecum</strong></span> <span class='ocrx_word' id='word_1_98' title='bbox 1159 2142 1203 2206; x_wconf 86' lang='lat' dir='ltr'><strong>ad</strong></span> <span class='ocrx_word' id='word_1_99' title='bbox 1224 2163 1351 2208; x_wconf 84' lang='lat' dir='ltr'><strong>waran-</strong></span> 
     </span>
     <span class='ocr_line' id='line_1_13' title="bbox 302 2243 1350 2332; baseline -0.002 -20"><span class='ocrx_word' id='word_1_100' title='bbox 302 2255 319 2280; x_wconf 90' lang='lat'><strong>“</strong></span> <span class='ocrx_word' id='word_1_101' title='bbox 342 2253 423 2326; x_wconf 91' lang='lat' dir='ltr'><strong>tum,</strong></span> <span class='ocrx_word' id='word_1_102' title='bbox 461 2245 570 2332; x_wconf 84' lang='lat' dir='ltr'><strong>Major</strong></span> <span class='ocrx_word' id='word_1_103' title='bbox 603 2249 638 2310; x_wconf 87' lang='lat' dir='ltr'><strong>et</strong></span> <span class='ocrx_word' id='word_1_104' title='bbox 670 2243 791 2310; x_wconf 88' lang='lat' dir='ltr'><strong>Ballivi</strong></span> <span class='ocrx_word' id='word_1_105' title='bbox 824 2243 974 2330; x_wconf 79' lang='lat' dir='ltr'><strong>proedicti</strong></span> <span class='ocrx_word' id='word_1_106' title='bbox 1008 2249 1119 2330; x_wconf 87' lang='lat' dir='ltr'><strong>portes</strong></span> <span class='ocrx_word' id='word_1_107' title='bbox 1155 2265 1265 2310; x_wconf 90' lang='lat' dir='ltr'><strong>coram</strong></span> <span class='ocrx_word' id='word_1_108' title='bbox 1302 2247 1350 2311; x_wconf 86' lang='lat' dir='ltr'><strong>eis</strong></span> 
     </span>
     <span class='ocr_line' id='line_1_14' title="bbox 302 2347 1350 2436; baseline -0.002 -22"><span class='ocrx_word' id='word_1_109' title='bbox 302 2349 540 2436; x_wconf 83' lang='lat' dir='ltr'><strong>“placitantes</strong></span> <span class='ocrx_word' id='word_1_110' title='bbox 568 2347 784 2432; x_wconf 88' lang='lat' dir='ltr'><strong>adjoruarent</strong></span> <span class='ocrx_word' id='word_1_111' title='bbox 823 2367 932 2412; x_wconf 86' lang='lat' dir='ltr'><strong>coram</strong></span> <span class='ocrx_word' id='word_1_112' title='bbox 970 2347 1118 2434; x_wconf 74' lang='lat' dir='ltr'><strong>praefatis</strong></span> <span class='ocrx_word' id='word_1_113' title='bbox 1148 2347 1350 2414; x_wconf 85' lang='lat' dir='ltr'><strong>Justiciariis</strong></span> 
     </span>
     <span class='ocr_line' id='line_1_15' title="bbox 301 2449 1350 2528; baseline -0.003 -9"><span class='ocrx_word' id='word_1_114' title='bbox 301 2460 318 2486; x_wconf 91' lang='lat'>“</span> <span class='ocrx_word' id='word_1_115' title='bbox 342 2451 385 2518; x_wconf 85' lang='lat' dir='ltr'><strong>ad</strong></span> <span class='ocrx_word' id='word_1_116' title='bbox 427 2457 553 2518; x_wconf 89' lang='lat' dir='ltr'><strong>certum</strong></span> <span class='ocrx_word' id='word_1_117' title='bbox 588 2450 684 2528; x_wconf 90' lang='lat' dir='ltr'><strong>diem,</strong></span> <span class='ocrx_word' id='word_1_118' title='bbox 712 2455 748 2515; x_wconf 89' lang='lat' dir='ltr'><strong>et</strong></span> <span class='ocrx_word' id='word_1_119' title='bbox 777 2449 950 2516; x_wconf 88' lang='lat' dir='ltr'><strong>recordum</strong></span> <span class='ocrx_word' id='word_1_120' title='bbox 982 2471 1079 2516; x_wconf 86' lang='lat' dir='ltr'><strong>suum</strong></span> <span class='ocrx_word' id='word_1_121' title='bbox 1113 2450 1237 2517; x_wconf 90' lang='lat' dir='ltr'><strong>ibidem</strong></span> <span class='ocrx_word' id='word_1_122' title='bbox 1270 2456 1350 2517; x_wconf 91' lang='lat' dir='ltr'><strong>tunc</strong></span> 
     </span>
     <span class='ocr_line' id='line_1_16' title="bbox 302 2551 1348 2638; baseline -0.002 -18"><span class='ocrx_word' id='word_1_123' title='bbox 302 2563 318 2588; x_wconf 88' lang='lat'><strong>“</strong></span> <span class='ocrx_word' id='word_1_124' title='bbox 342 2555 522 2630; x_wconf 81' lang='lat' dir='ltr'><strong>mitterent,</strong></span> <span class='ocrx_word' id='word_1_125' title='bbox 558 2558 593 2622; x_wconf 87' lang='lat' dir='ltr'><strong>et</strong></span> <span class='ocrx_word' id='word_1_126' title='bbox 628 2551 815 2618; x_wconf 88' lang='lat' dir='ltr'><strong>Justiciarii</strong></span> <span class='ocrx_word' id='word_1_127' title='bbox 850 2552 1004 2638; x_wconf 82' lang='lat' dir='ltr'><strong>praedicti</strong></span> <span class='ocrx_word' id='word_1_128' title='bbox 1030 2557 1219 2620; x_wconf 74' lang='lat' dir='ltr'><strong>warantum</strong></span> <span class='ocrx_word' id='word_1_129' title='bbox 1254 2553 1348 2620; x_wconf 90' lang='lat' dir='ltr'><strong>illum</strong></span> 
     </span>
     <span class='ocr_line' id='line_1_17' title="bbox 302 2655 1351 2738; baseline 0.001 -15"><span class='ocrx_word' id='word_1_130' title='bbox 302 2666 319 2693; x_wconf 86' lang='lat'><em>“</em></span> <span class='ocrx_word' id='word_1_131' title='bbox 342 2657 536 2723; x_wconf 78' lang='lat' dir='ltr'><strong>summoniri</strong></span> <span class='ocrx_word' id='word_1_132' title='bbox 567 2655 713 2722; x_wconf 83' lang='lat' dir='ltr'><strong>facerent</strong></span> <span class='ocrx_word' id='word_1_133' title='bbox 735 2676 845 2722; x_wconf 90' lang='lat' dir='ltr'><strong>coram</strong></span> <span class='ocrx_word' id='word_1_134' title='bbox 868 2655 916 2722; x_wconf 88' lang='lat' dir='ltr'><strong>eis</strong></span> <span class='ocrx_word' id='word_1_135' title='bbox 953 2657 996 2721; x_wconf 87' lang='lat' dir='ltr'><strong>ad</strong></span> <span class='ocrx_word' id='word_1_136' title='bbox 1034 2662 1162 2723; x_wconf 89' lang='lat' dir='ltr'><strong>certum</strong></span> <span class='ocrx_word' id='word_1_137' title='bbox 1192 2657 1290 2738; x_wconf 87' lang='lat' dir='ltr'><strong>diem,</strong></span> <span class='ocrx_word' id='word_1_138' title='bbox 1315 2663 1351 2724; x_wconf 88' lang='lat' dir='ltr'><strong>et</strong></span> 
     </span>
     <span class='ocr_line' id='line_1_18' title="bbox 301 2757 1351 2846; baseline 0 -20"><span class='ocrx_word' id='word_1_139' title='bbox 301 2770 317 2796; x_wconf 87' lang='lat'><strong>“</strong></span> <span class='ocrx_word' id='word_1_140' title='bbox 340 2758 537 2826; x_wconf 82' lang='lat' dir='ltr'><strong>warentiam</strong></span> <span class='ocrx_word' id='word_1_141' title='bbox 582 2757 675 2824; x_wconf 89' lang='lat' dir='ltr'><strong>illam</strong></span> <span class='ocrx_word' id='word_1_142' title='bbox 710 2757 931 2843; x_wconf 87' lang='lat' dir='ltr'><strong>placitarent;</strong></span> <span class='ocrx_word' id='word_1_143' title='bbox 976 2759 1128 2844; x_wconf 88' lang='lat' dir='ltr'><strong>quodque</strong></span> <span class='ocrx_word' id='word_1_144' title='bbox 1175 2759 1283 2846; x_wconf 87' lang='lat' dir='ltr'><strong>Major</strong></span> <span class='ocrx_word' id='word_1_145' title='bbox 1317 2765 1351 2826; x_wconf 91' lang='lat' dir='ltr'><strong>et</strong></span> 
     </span>
     <span class='ocr_line' id='line_1_19' title="bbox 301 2859 1350 2950; baseline 0.001 -22"><span class='ocrx_word' id='word_1_146' title='bbox 301 2870 317 2900; x_wconf 86' lang='lat'><strong>¹‘</strong></span> <span class='ocrx_word' id='word_1_147' title='bbox 342 2862 464 2928; x_wconf 88' lang='lat' dir='ltr'><strong>Ballivi</strong></span> <span class='ocrx_word' id='word_1_148' title='bbox 486 2860 637 2949; x_wconf 87' lang='lat' dir='ltr'><strong>praedioti</strong></span> <span class='ocrx_word' id='word_1_149' title='bbox 666 2859 839 2947; x_wconf 86' lang='lat' dir='ltr'><strong>principali</strong></span> <span class='ocrx_word' id='word_1_150' title='bbox 862 2860 984 2946; x_wconf 88' lang='lat' dir='ltr'><strong>placito</strong></span> <span class='ocrx_word' id='word_1_151' title='bbox 1008 2861 1142 2927; x_wconf 86' lang='lat' dir='ltr'><strong>interim</strong></span> <span class='ocrx_word' id='word_1_152' title='bbox 1164 2864 1350 2950; x_wconf 87' lang='lat' dir='ltr'><strong>supersede-</strong></span> 
     </span>
     <span class='ocr_line' id='line_1_20' title="bbox 301 2961 1352 3050; baseline 0.002 -20"><span class='ocrx_word' id='word_1_153' title='bbox 301 2974 319 3002; x_wconf 92' lang='lat'><strong>“</strong></span> <span class='ocrx_word' id='word_1_154' title='bbox 343 2967 585 3050; x_wconf 76' lang='lat' dir='ltr'><strong>rentr-prout</strong></span> <span class='ocrx_word' id='word_1_155' title='bbox 611 2984 671 3050; x_wconf 89' lang='lat' dir='ltr'><strong>per</strong></span> <span class='ocrx_word' id='word_1_156' title='bbox 693 2961 928 3048; x_wconf 82' lang='lat' dir='ltr'><strong>inspectionem</strong></span> <span class='ocrx_word' id='word_1_157' title='bbox 952 2963 1097 3030; x_wconf 88' lang='lat' dir='ltr'><strong>Articuli</strong></span> <span class='ocrx_word' id='word_1_158' title='bbox 1124 2965 1284 3050; x_wconf 84' lang='lat' dir='ltr'><strong>praedicti,</strong></span> <span class='ocrx_word' id='word_1_159' title='bbox 1305 2968 1352 3032; x_wconf 90' lang='lat' dir='ltr'><strong>sio</strong></span> 
     </span>
     <span class='ocr_line' id='line_1_21' title="bbox 301 3063 1350 3147; baseline -0.002 -13"><span class='ocrx_word' id='word_1_160' title='bbox 301 3067 478 3136; x_wconf 83' lang='lat' dir='ltr'><strong>“correcti</strong></span> <span class='ocrx_word' id='word_1_161' title='bbox 511 3070 546 3131; x_wconf 88' lang='lat' dir='ltr'><strong>et</strong></span> <span class='ocrx_word' id='word_1_162' title='bbox 576 3064 708 3145; x_wconf 85' lang='lat' dir='ltr'><strong>mutati,</strong></span> <span class='ocrx_word' id='word_1_163' title='bbox 743 3063 781 3130; x_wconf 89' lang='lat' dir='ltr'><strong>in</strong></span> <span class='ocrx_word' id='word_1_164' title='bbox 818 3063 1034 3132; x_wconf 86' lang='lat' dir='ltr'><strong>Thesauraria</strong></span> <span class='ocrx_word' id='word_1_165' title='bbox 1066 3071 1181 3132; x_wconf 89' lang='lat' dir='ltr'><strong>nostra</strong></span> <span class='ocrx_word' id='word_1_166' title='bbox 1210 3067 1350 3147; x_wconf 85' lang='lat' dir='ltr'><strong>inventi,</strong></span> 
     </span>
     <span class='ocr_line' id='line_1_22' title="bbox 301 3165 1351 3257; baseline -0.005 -18"><span class='ocrx_word' id='word_1_167' title='bbox 301 3180 319 3206; x_wconf 83' lang='lat'><strong>‘¹</strong></span> <span class='ocrx_word' id='word_1_168' title='bbox 341 3170 434 3257; x_wconf 87' lang='lat' dir='ltr'><strong>cujus</strong></span> <span class='ocrx_word' id='word_1_169' title='bbox 461 3167 696 3254; x_wconf 81' lang='lat' dir='ltr'><strong>transcriptum</strong></span> <span class='ocrx_word' id='word_1_170' title='bbox 718 3165 954 3234; x_wconf 83' lang='lat' dir='ltr'><strong>Tbesaurarius</strong></span> <span class='ocrx_word' id='word_1_171' title='bbox 977 3173 1012 3234; x_wconf 92' lang='lat' dir='ltr'><strong>et</strong></span> <span class='ocrx_word' id='word_1_172' title='bbox 1043 3166 1225 3235; x_wconf 79' lang='lat' dir='ltr'><strong>Camerarii</strong></span> <span class='ocrx_word' id='word_1_173' title='bbox 1247 3172 1351 3236; x_wconf 83' lang='lat' dir='ltr'><strong>nostri</strong></span> 
     </span>
     <span class='ocr_line' id='line_1_23' title="bbox 301 3269 1351 3359; baseline -0.001 -21"><span class='ocrx_word' id='word_1_174' title='bbox 301 3282 319 3308; x_wconf 90' lang='lat'>“</span> <span class='ocrx_word' id='word_1_175' title='bbox 341 3271 445 3350; x_wconf 90' lang='lat' dir='ltr'><strong>nobis,</strong></span> <span class='ocrx_word' id='word_1_176' title='bbox 462 3272 523 3338; x_wconf 87' lang='lat' dir='ltr'><strong>sub</strong></span> <span class='ocrx_word' id='word_1_177' title='bbox 539 3269 656 3358; x_wconf 74' lang='lat' dir='ltr'><strong>Sigillo</strong></span> <span class='ocrx_word' id='word_1_178' title='bbox 671 3269 818 3356; x_wconf 87' lang='lat' dir='ltr'><strong>ejusdcm</strong></span> <span class='ocrx_word' id='word_1_179' title='bbox 834 3269 1002 3349; x_wconf 84' lang='lat' dir='ltr'><strong>Scaccorii,</strong></span> <span class='ocrx_word' id='word_1_180' title='bbox 1018 3271 1187 3351; x_wconf 82' lang='lat' dir='ltr'><strong>miserrmt,</strong></span> <span class='ocrx_word' id='word_1_181' title='bbox 1204 3276 1240 3339; x_wconf 87' lang='lat' dir='ltr'><strong>et</strong></span> <span class='ocrx_word' id='word_1_182' title='bbox 1254 3295 1351 3359; x_wconf 89' lang='lat' dir='ltr'><strong>quom</strong></span> 
     </span>
     <span class='ocr_line' id='line_1_24' title="bbox 301 3370 1351 3460; baseline 0 -19"><span class='ocrx_word' id='word_1_183' title='bbox 301 3383 318 3412; x_wconf 88' lang='lat'>“</span> <span class='ocrx_word' id='word_1_184' title='bbox 342 3375 450 3442; x_wconf 83' lang='lat' dir='ltr'><strong>dictus</strong></span> <span class='ocrx_word' id='word_1_185' title='bbox 473 3379 568 3460; x_wconf 91' lang='lat' dir='ltr'><strong>pater</strong></span> <span class='ocrx_word' id='word_1_186' title='bbox 590 3377 711 3451; x_wconf 85' lang='lat' dir='ltr'><strong>noster,</strong></span> <span class='ocrx_word' id='word_1_187' title='bbox 736 3370 799 3438; x_wconf 87' lang='lat' dir='ltr'><strong>sub</strong></span> <span class='ocrx_word' id='word_1_188' title='bbox 823 3371 942 3459; x_wconf 84' lang='lat' dir='ltr'><strong>Sigillo</strong></span> <span class='ocrx_word' id='word_1_189' title='bbox 966 3394 1034 3451; x_wconf 89' lang='lat' dir='ltr'><strong>suo,</strong></span> <span class='ocrx_word' id='word_1_190' title='bbox 1062 3372 1183 3460; x_wconf 85' lang='lat' dir='ltr'><strong>Majori</strong></span> <span class='ocrx_word' id='word_1_191' title='bbox 1207 3379 1242 3442; x_wconf 90' lang='lat' dir='ltr'><strong>et</strong></span> <span class='ocrx_word' id='word_1_192' title='bbox 1257 3374 1351 3441; x_wconf 86' lang='lat' dir='ltr'><strong>Vice-</strong></span> 
     </span>
     <span class='ocr_line' id='line_1_25' title="bbox 301 3474 1350 3566; baseline -0.003 -20"><span class='ocrx_word' id='word_1_193' title='bbox 301 3478 518 3546; x_wconf 85' lang='lat' dir='ltr'><strong>“comitibus</strong></span> <span class='ocrx_word' id='word_1_194' title='bbox 544 3475 791 3543; x_wconf 87' lang='lat' dir='ltr'><strong>Londoniarum</strong></span> <span class='ocrx_word' id='word_1_195' title='bbox 813 3474 914 3554; x_wconf 91' lang='lat' dir='ltr'><strong>misit,</strong></span> <span class='ocrx_word' id='word_1_196' title='bbox 931 3475 1121 3542; x_wconf 88' lang='lat' dir='ltr'><strong>mandando</strong></span> <span class='ocrx_word' id='word_1_197' title='bbox 1144 3477 1275 3558; x_wconf 86' lang='lat' dir='ltr'><strong>eisdem,</strong></span> <span class='ocrx_word' id='word_1_198' title='bbox 1291 3501 1350 3566; x_wconf 91' lang='lat' dir='ltr'><strong>per</strong></span> 
     </span>
     <span class='ocr_line' id='line_1_26' title="bbox 302 3577 1349 3666; baseline 0 -20"><span class='ocrx_word' id='word_1_199' title='bbox 302 3592 318 3618; x_wconf 86' lang='lat'><strong>“</strong></span> <span class='ocrx_word' id='word_1_200' title='bbox 341 3581 442 3648; x_wconf 86' lang='lat' dir='ltr'><strong>breve</strong></span> <span class='ocrx_word' id='word_1_201' title='bbox 464 3601 568 3658; x_wconf 87' lang='lat' dir='ltr'><strong>suum,</strong></span> <span class='ocrx_word' id='word_1_202' title='bbox 601 3579 691 3664; x_wconf 88' lang='lat' dir='ltr'><strong>quod</strong></span> <span class='ocrx_word' id='word_1_203' title='bbox 721 3577 786 3664; x_wconf 86' lang='lat' dir='ltr'><strong>ipsi</strong></span> <span class='ocrx_word' id='word_1_204' title='bbox 808 3577 998 3646; x_wconf 78' lang='lat' dir='ltr'><strong>Articulum</strong></span> <span class='ocrx_word' id='word_1_205' title='bbox 1031 3577 1124 3644; x_wconf 90' lang='lat' dir='ltr'><strong>illum</strong></span> <span class='ocrx_word' id='word_1_206' title='bbox 1149 3579 1251 3666; x_wconf 85' lang='lat' dir='ltr'><strong>juxta</strong></span> <span class='ocrx_word' id='word_1_207' title='bbox 1280 3603 1349 3648; x_wconf 93' lang='lat' dir='ltr'><strong>cor-</strong></span> 
     </span>
     <span class='ocr_line' id='line_1_27' title="bbox 301 3679 1350 3766; baseline 0 -16"><span class='ocrx_word' id='word_1_208' title='bbox 301 3685 520 3750; x_wconf 86' lang='lat' dir='ltr'><strong>“rectionem</strong></span> <span class='ocrx_word' id='word_1_209' title='bbox 551 3685 587 3746; x_wconf 89' lang='lat' dir='ltr'><strong>et</strong></span> <span class='ocrx_word' id='word_1_210' title='bbox 614 3679 834 3746; x_wconf 80' lang='lat' dir='ltr'><strong>mutationem</strong></span> <span class='ocrx_word' id='word_1_211' title='bbox 864 3680 1038 3766; x_wconf 86' lang='lat' dir='ltr'><strong>praedictas</strong></span> <span class='ocrx_word' id='word_1_212' title='bbox 1069 3683 1176 3748; x_wconf 88' lang='lat' dir='ltr'><strong>teneri</strong></span> <span class='ocrx_word' id='word_1_213' title='bbox 1205 3683 1350 3750; x_wconf 86' lang='lat' dir='ltr'><strong>facerent</strong></span> 
     </span>
     <span class='ocr_line' id='line_1_28' title="bbox 301 3782 1350 3872; baseline 0 -19"><span class='ocrx_word' id='word_1_214' title='bbox 301 3796 318 3822; x_wconf 92' lang='lat'><strong>“</strong></span> <span class='ocrx_word' id='word_1_215' title='bbox 341 3792 376 3853; x_wconf 91' lang='lat' dir='ltr'><strong>et</strong></span> <span class='ocrx_word' id='word_1_216' title='bbox 406 3783 583 3862; x_wconf 83' lang='lat' dir='ltr'><strong>observari,</strong></span> <span class='ocrx_word' id='word_1_217' title='bbox 615 3782 746 3870; x_wconf 89' lang='lat' dir='ltr'><strong>plenius</strong></span> <span class='ocrx_word' id='word_1_218' title='bbox 776 3787 922 3869; x_wconf 90' lang='lat' dir='ltr'><strong>apparet.</strong></span> <span class='ocrx_word' id='word_1_219' title='bbox 970 3783 1015 3849; x_wconf 89' lang='lat' dir='ltr'><strong>Et</strong></span> <span class='ocrx_word' id='word_1_220' title='bbox 1045 3783 1146 3851; x_wconf 90' lang='lat' dir='ltr'><strong>iidem</strong></span> <span class='ocrx_word' id='word_1_221' title='bbox 1176 3786 1285 3872; x_wconf 87' lang='lat' dir='ltr'><strong>Major</strong></span> <span class='ocrx_word' id='word_1_222' title='bbox 1316 3793 1350 3854; x_wconf 90' lang='lat' dir='ltr'><strong>ct</strong></span> 
     </span>
     <span class='ocr_line' id='line_1_29' title="bbox 301 3885 1349 3972; baseline 0 -16"><span class='ocrx_word' id='word_1_223' title='bbox 301 3897 318 3926; x_wconf 89' lang='lat'><em>“</em></span> <span class='ocrx_word' id='word_1_224' title='bbox 343 3889 466 3956; x_wconf 87' lang='lat' dir='ltr'><strong>Bellivi</strong></span> <span class='ocrx_word' id='word_1_225' title='bbox 492 3887 628 3954; x_wconf 89' lang='lat' dir='ltr'><strong>recorda</strong></span> <span class='ocrx_word' id='word_1_226' title='bbox 657 3885 851 3972; x_wconf 82' lang='lat' dir='ltr'><strong>placitorum</strong></span> <span class='ocrx_word' id='word_1_227' title='bbox 883 3885 924 3952; x_wconf 92' lang='lat' dir='ltr'><strong>de</strong></span> <span class='ocrx_word' id='word_1_228' title='bbox 957 3885 1146 3972; x_wconf 89' lang='lat' dir='ltr'><strong>hujusmodi</strong></span> <span class='ocrx_word' id='word_1_229' title='bbox 1175 3891 1349 3956; x_wconf 84' lang='lat' dir='ltr'><strong>warantiie</strong></span> 
     </span>
     <span class='ocr_line' id='line_1_30' title="bbox 300 3987 1352 4078; baseline -0.001 -18"><span class='ocrx_word' id='word_1_230' title='bbox 300 4002 317 4028; x_wconf 88' lang='lat'><strong>“</strong></span> <span class='ocrx_word' id='word_1_231' title='bbox 341 4013 449 4060; x_wconf 85' lang='lat' dir='ltr'><strong>coram</strong></span> <span class='ocrx_word' id='word_1_232' title='bbox 465 3991 512 4058; x_wconf 87' lang='lat' dir='ltr'><strong>eis</strong></span> <span class='ocrx_word' id='word_1_233' title='bbox 527 3989 724 4067; x_wconf 86' lang='lat' dir='ltr'><strong>habitorum,</strong></span> <span class='ocrx_word' id='word_1_234' title='bbox 736 3991 806 4054; x_wconf 85' lang='lat' dir='ltr'><strong>tem</strong></span> <span class='ocrx_word' id='word_1_235' title='bbox 818 3987 841 4054; x_wconf 89' lang='lat' dir='ltr'><strong>J</strong></span> <span class='ocrx_word' id='word_1_236' title='bbox 843 3988 1017 4056; x_wconf 88' lang='lat' dir='ltr'><strong>usticiariis</strong></span> <span class='ocrx_word' id='word_1_237' title='bbox 1032 3990 1114 4057; x_wconf 90' lang='lat' dir='ltr'><strong>dicti</strong></span> <span class='ocrx_word' id='word_1_238' title='bbox 1128 3993 1232 4078; x_wconf 86' lang='lat' dir='ltr'><strong>patris</strong></span> <span class='ocrx_word' id='word_1_239' title='bbox 1247 3994 1352 4059; x_wconf 84' lang='lat' dir='ltr'><strong>nostri</strong></span> 
     </span>
     <span class='ocr_line' id='line_1_31' title="bbox 300 4090 1350 4182; baseline 0 -21"><span class='ocrx_word' id='word_1_240' title='bbox 300 4105 317 4132; x_wconf 89' lang='lat'><strong>“</strong></span> <span class='ocrx_word' id='word_1_241' title='bbox 340 4116 440 4182; x_wconf 90' lang='lat' dir='ltr'><strong>quarn</strong></span> <span class='ocrx_word' id='word_1_242' title='bbox 464 4093 587 4159; x_wconf 88' lang='lat' dir='ltr'><strong>nostris</strong></span> <span class='ocrx_word' id='word_1_243' title='bbox 620 4091 661 4157; x_wconf 90' lang='lat' dir='ltr'><strong>de</strong></span> <span class='ocrx_word' id='word_1_244' title='bbox 693 4091 803 4158; x_wconf 90' lang='lat' dir='ltr'><strong>Banoo</strong></span> <span class='ocrx_word' id='word_1_245' title='bbox 825 4090 994 4177; x_wconf 85' lang='lat' dir='ltr'><strong>praedicto,</strong></span> <span class='ocrx_word' id='word_1_246' title='bbox 1027 4113 1156 4180; x_wconf 87' lang='lat' dir='ltr'><strong>semper</strong></span> <span class='ocrx_word' id='word_1_247' title='bbox 1183 4093 1350 4174; x_wconf 85' lang='lat' dir='ltr'><strong>hactenus,</strong></span> 
     </span>
     <span class='ocr_line' id='line_1_32' title="bbox 299 4192 1352 4284; baseline 0.001 -22"><span class='ocrx_word' id='word_1_248' title='bbox 299 4208 362 4262; x_wconf 89' lang='lat' dir='ltr'><strong>“a</strong></span> <span class='ocrx_word' id='word_1_249' title='bbox 382 4201 530 4282; x_wconf 88' lang='lat' dir='ltr'><strong>tempore</strong></span> <span class='ocrx_word' id='word_1_250' title='bbox 563 4192 773 4261; x_wconf 86' lang='lat' dir='ltr'><strong>correctionis</strong></span> <span class='ocrx_word' id='word_1_251' title='bbox 805 4198 839 4260; x_wconf 90' lang='lat' dir='ltr'><strong>et</strong></span> <span class='ocrx_word' id='word_1_252' title='bbox 872 4194 1068 4261; x_wconf 84' lang='lat' dir='ltr'><strong>mutationis</strong></span> <span class='ocrx_word' id='word_1_253' title='bbox 1093 4196 1238 4264; x_wconf 83' lang='lat' dir='ltr'><strong>Articuli</strong></span> <span class='ocrx_word' id='word_1_254' title='bbox 1268 4219 1352 4284; x_wconf 87' lang='lat' dir='ltr'><strong>prse-</strong></span> 
     </span>
     <span class='ocr_line' id='line_1_33' title="bbox 301 4295 1350 4376; baseline -0.002 -9"><span class='ocrx_word' id='word_1_255' title='bbox 301 4309 318 4336; x_wconf 90' lang='lat'><strong>“</strong></span> <span class='ocrx_word' id='word_1_256' title='bbox 341 4300 423 4366; x_wconf 89' lang='lat' dir='ltr'><strong>dicti</strong></span> <span class='ocrx_word' id='word_1_257' title='bbox 445 4297 605 4376; x_wconf 87' lang='lat' dir='ltr'><strong>miserint,</strong></span> <span class='ocrx_word' id='word_1_258' title='bbox 638 4300 673 4362; x_wconf 88' lang='lat' dir='ltr'><strong>ct</strong></span> <span class='ocrx_word' id='word_1_259' title='bbox 702 4295 888 4363; x_wconf 76' lang='lat' dir='ltr'><strong>erticicrii</strong></span> <span class='ocrx_word' id='word_1_260' title='bbox 918 4295 968 4362; x_wconf 92' lang='lat' dir='ltr'><strong>illi</strong></span> <span class='ocrx_word' id='word_1_261' title='bbox 1003 4297 1139 4364; x_wconf 89' lang='lat' dir='ltr'><strong>recorda</strong></span> <span class='ocrx_word' id='word_1_262' title='bbox 1168 4299 1227 4365; x_wconf 92' lang='lat' dir='ltr'><strong>illa</strong></span> <span class='ocrx_word' id='word_1_263' title='bbox 1264 4321 1350 4366; x_wconf 88' lang='lat' dir='ltr'><strong>rece-</strong></span> 
     </span>
     <span class='ocr_line' id='line_1_34' title="bbox 300 4397 1351 4490; baseline -0.001 -21"><span class='ocrx_word' id='word_1_264' title='bbox 300 4412 318 4442; x_wconf 89' lang='lat'><strong>“</strong></span> <span class='ocrx_word' id='word_1_265' title='bbox 340 4404 459 4490; x_wconf 90' lang='lat' dir='ltr'><strong>perint,</strong></span> <span class='ocrx_word' id='word_1_266' title='bbox 487 4407 521 4468; x_wconf 90' lang='lat' dir='ltr'><strong>et</strong></span> <span class='ocrx_word' id='word_1_267' title='bbox 542 4399 730 4480; x_wconf 87' lang='lat' dir='ltr'><strong>forinsecos,</strong></span> <span class='ocrx_word' id='word_1_268' title='bbox 757 4397 803 4464; x_wconf 81' lang='lat' dir='ltr'><strong>aio</strong></span> <span class='ocrx_word' id='word_1_269' title='bbox 828 4402 971 4476; x_wconf 86' lang='lat' dir='ltr'><strong>vocatos,</strong></span> <span class='ocrx_word' id='word_1_270' title='bbox 995 4400 1122 4466; x_wconf 83' lang='lat' dir='ltr'><strong>virtute</strong></span> <span class='ocrx_word' id='word_1_271' title='bbox 1143 4402 1351 4468; x_wconf 90' lang='lat' dir='ltr'><strong>recordorum</strong></span> 
     </span>
     <span class='ocr_line' id='line_1_35' title="bbox 301 4500 1351 4590; baseline 0 -18"><span class='ocrx_word' id='word_1_272' title='bbox 301 4517 319 4542; x_wconf 88' lang='lat'><em>“</em></span> <span class='ocrx_word' id='word_1_273' title='bbox 341 4504 519 4574; x_wconf 81' lang='lat' dir='ltr'><strong>eorundem</strong></span> <span class='ocrx_word' id='word_1_274' title='bbox 541 4525 651 4571; x_wconf 89' lang='lat' dir='ltr'><strong>coram</strong></span> <span class='ocrx_word' id='word_1_275' title='bbox 685 4502 732 4568; x_wconf 86' lang='lat' dir='ltr'><strong>eis</strong></span> <span class='ocrx_word' id='word_1_276' title='bbox 765 4500 880 4568; x_wconf 84' lang='lat' dir='ltr'><strong>venire</strong></span> <span class='ocrx_word' id='word_1_277' title='bbox 913 4500 1061 4584; x_wconf 85' lang='lat' dir='ltr'><strong>fecerint,</strong></span> <span class='ocrx_word' id='word_1_278' title='bbox 1085 4507 1120 4570; x_wconf 91' lang='lat' dir='ltr'><strong>et</strong></span> <span class='ocrx_word' id='word_1_279' title='bbox 1153 4503 1277 4590; x_wconf 85' lang='lat' dir='ltr'><strong>placita</strong></span> <span class='ocrx_word' id='word_1_280' title='bbox 1310 4506 1351 4572; x_wconf 91' lang='lat' dir='ltr'><strong>de</strong></span> 
     </span>
     <span class='ocr_line' id='line_1_36' title="bbox 298 4602 1481 4695; baseline 0 -21"><span class='ocrx_word' id='word_1_281' title='bbox 298 4607 527 4695; x_wconf 86' lang='lat' dir='ltr'><strong>“hujusmodi</strong></span> <span class='ocrx_word' id='word_1_282' title='bbox 551 4605 723 4672; x_wconf 83' lang='lat' dir='ltr'><strong>warantiis</strong></span> <span class='ocrx_word' id='word_1_283' title='bbox 744 4602 921 4681; x_wconf 84' lang='lat' dir='ltr'><strong>tenuerint,</strong></span> <span class='ocrx_word' id='word_1_284' title='bbox 941 4603 1043 4688; x_wconf 86' lang='lat' dir='ltr'><strong>juxta</strong></span> <span class='ocrx_word' id='word_1_285' title='bbox 1063 4607 1294 4673; x_wconf 88' lang='lat' dir='ltr'><strong>correctionem</strong></span> <span class='ocrx_word' id='word_1_286' title='bbox 1317 4615 1351 4674; x_wconf 88' lang='lat' dir='ltr'><strong>et</strong></span> <span class='ocrx_word' id='word_1_287' title='bbox 1389 4640 1481 4686; x_wconf 48' lang='lat' dir='ltr'><strong>m„</strong></span> 
     </span>
     <span class='ocr_line' id='line_1_37' title="bbox 299 4704 1350 4794; baseline 0.001 -15"><span class='ocrx_word' id='word_1_288' title='bbox 299 4719 318 4750; x_wconf 89' lang='lat'><strong>“</strong></span> <span class='ocrx_word' id='word_1_289' title='bbox 341 4711 562 4779; x_wconf 83' lang='lat' dir='ltr'><strong>mutationem</strong></span> <span class='ocrx_word' id='word_1_290' title='bbox 585 4707 867 4794; x_wconf 85' lang='lat' dir='ltr'><strong>praedictas-vos</strong></span> <span class='ocrx_word' id='word_1_291' title='bbox 898 4704 986 4772; x_wconf 88' lang='lat' dir='ltr'><strong>idem</strong></span> <span class='ocrx_word' id='word_1_292' title='bbox 1013 4707 1085 4794; x_wconf 88' lang='lat' dir='ltr'><strong>jam</strong></span> <span class='ocrx_word' id='word_1_293' title='bbox 1115 4710 1156 4774; x_wconf 88' lang='lat' dir='ltr'><strong>do</strong></span> <span class='ocrx_word' id='word_1_294' title='bbox 1177 4731 1267 4778; x_wconf 91' lang='lat' dir='ltr'><strong>novo</strong></span> <span class='ocrx_word' id='word_1_295' title='bbox 1289 4711 1350 4780; x_wconf 93' lang='lat' dir='ltr'><strong>hu-</strong></span> 
     </span>
    </p>
   </div>
   <div class='ocr_carea' id='block_1_3' title="bbox 0 0 1818 5824">
    <p class='ocr_par' dir='ltr' id='par_1_3' title="bbox 0 0 1818 5824">
     <span class='ocr_line' id='line_1_38' title="bbox 0 0 1818 5824; baseline 0 0"><span class='ocrx_word' id='word_1_296' title='bbox 0 0 1818 5824; x_wconf 95' lang='lat' dir='ltr'><strong> </strong></span> 
     </span>
    </p>
   </div>
  </div>
 </body>
</html>
