3462 5836
246 881 288 944 14
304 893 389 944 nnw.
407 875 920 966 11.]snrou1uumrrrorrnms
936 891 981 942 or
994 893 1066 942 run
1081 891 1213 944 cnowrr.
1238 877 1300 944 ³81

251 1092 259 1117 ‘
292 1083 419 1160 fuisset,
444 1083 555 1150 dictus
591 1089 703 1148 tamen
736 1083 852 1148 obolus
881 1084 924 1148 de
954 1082 1104 1169 quolibet
1138 1083 1306 1168 quarterio

255 1195 272 1222 “
295 1186 455 1252 frumenti
481 1185 666 1264 fumieudo,
703 1190 738 1252 et
771 1187 919 1273 custcgis
961 1186 1189 1251 ministrorum
1224 1207 1307 1272 prae-

253 1297 271 1324 “
295 1289 466 1368 dictorum,
491 1287 533 1354 de
556 1289 652 1354 dictis
679 1288 859 1376 pistoribus
882 1288 1064 1374 exiguntur
1086 1292 1121 1352 et
1142 1285 1305 1367 leventur,

253 1401 271 1428 ⁴‘
294 1393 337 1458 ed
353 1413 434 1479 opus
456 1391 560 1478 ipsius
583 1389 728 1477 Majoris,
752 1397 787 1456 et
808 1412 867 1478 per
889 1390 998 1478 ipsum
1014 1395 1049 1456 et
1068 1390 1308 1455 Aldermunnos

254 1505 271 1530 “
294 1494 442 1562 civitatis
475 1493 630 1580 ejusdem,
663 1493 701 1558 in
734 1493 979 1559 examinatione
1012 1493 1109 1580 ponis
1140 1496 1175 1558 et
1205 1493 1307 1558 assisa

256 1598 374 1663 “inde
400 1597 552 1676 tenendo,
576 1595 699 1662 eisdem
721 1595 900 1684 pistoribus
930 1595 1132 1663 nlloccntur:
1167 1595 1305 1683 dequo,

255 1709 274 1739 “
296 1700 399 1766 assisa
428 1699 523 1787 penis
553 1698 711 1764 decrescit
743 1703 778 1764 et
805 1699 990 1765 minoretur
1018 1699 1056 1764 in
1086 1699 1240 1787 pondere,
1263 1699 1306 1764 ed

255 1813 273 1840 “
296 1805 453 1870 damnum
475 1808 547 1868 tem
568 1801 741 1868 hominum
764 1801 911 1889 ejusdem
934 1801 1082 1868 civitatis
1103 1822 1203 1887 quem
1226 1801 1305 1867 ulio-

254 1915 369 1973 “rum
399 1907 442 1972 ed
474 1905 613 1972 eandem
635 1903 881 1982 confluentium,
905 1909 940 1970 et
969 1904 1076 1970 nostri
1099 1904 1200 1970 etiam
1223 1925 1305 1992 prm-

256 2019 274 2052 “
294 2009 457 2100 judicium
476 2007 710 2074 menifestum:
736 2013 771 2075 et
785 2007 864 2073 licet
886 2007 1057 2095 preemisss
1077 2028 1187 2073 coram
1210 2008 1305 2074 vobis

253 2123 271 2149 “
294 2116 330 2178 in
354 2113 482 2178 Itinere
507 2111 666 2199 proedicto
691 2133 751 2198 per
775 2111 956 2190 Juratores,
980 2110 1076 2176 modo
1098 2109 1221 2189 debito,
1236 2110 1307 2176 fue·

255 2224 272 2254 “
295 2217 365 2281 rint
386 2219 593 2304 praesentste,
617 2235 677 2301 pro
692 2213 857 2280 communi
882 2212 1032 2279 utilitate
1055 2212 1168 2300 populi
1190 2213 1304 2294 nostri,

255 2327 273 2354 ‘¹
296 2341 355 2385 vos
383 2323 495 2384 temen
533 2317 656 2384 eisdcm
694 2316 873 2404 pistoribus
909 2337 1008 2403 super
1034 2317 1221 2382 extorsione
1249 2337 1306 2382 seu

255 2428 274 2457 “
297 2421 468 2486 exactione
500 2418 690 2506 hujusmodi
727 2419 908 2485 remedium
941 2438 1104 2505 apponere
1146 2419 1306 2484 hactenus

256 2532 275 2560 “
297 2522 482 2590 distulistis.
528 2521 592 2587 Per
615 2521 712 2608 quod,
736 2542 798 2586 nos
822 2521 972 2586 volentes
1003 2520 1081 2588 inde
1112 2521 1184 2586 fieri
1218 2520 1306 2607 quod

254 2634 274 2663 “
297 2630 348 2692 est
380 2625 519 2711 justum,
550 2624 645 2691 vobis
679 2623 917 2702 mundavimus,
958 2625 1048 2710 quod
1083 2624 1112 2690 ei
1142 2623 1238 2690 vobis
1260 2625 1304 2688 le-

250 2737 268 2764 “
296 2728 414 2814 gitime
440 2731 588 2793 constare
621 2731 732 2814 posset
763 2726 885 2792 dictum
919 2729 1105 2792 custumsm
1137 2746 1234 2812 super
1255 2725 1305 2811 ip-

256 2841 274 2870 “
295 2852 348 2898 sos
377 2831 517 2918 pistores
552 2828 668 2896 taliter
697 2827 796 2894 fuisse
829 2849 996 2911 assessem,
1021 2835 1102 2896 tunc
1128 2827 1207 2894 inde
1232 2827 1304 2894 fieri

256 2943 273 2969 “
295 2933 446 3000 faceretis
471 2931 560 3018 quod
592 2930 635 2997 de
661 2930 737 3016 jure
763 2935 799 2996 et
828 2931 1008 2996 secundum
1034 2931 1141 3018 legem
1164 2935 1199 2997 et
1229 2951 1304 2996 con-

249 3034 502 3102 “suetudinem
538 3033 632 3120 regni
663 3033 779 3112 nostri,
813 3030 930 3098 hubitc
964 3032 1224 3099 consideratione
1261 3031 1304 3098 ad

254 3149 500 3204 “communem
529 3135 711 3202 utilitatem
742 3133 856 3221 populi
889 3134 1003 3214 nostri,
1036 3155 1111 3200 cum
1135 3133 1303 3200 celeritate

254 3249 272 3276 “
294 3263 361 3328 quo
395 3239 436 3304 dc
469 3238 546 3324 jure
588 3236 734 3325 possetis,
770 3236 1016 3302 rationabiliter
1052 3236 1122 3302 fore
1152 3235 1304 3302 videritis
1364 3286 1371 3302 .
1417 3289 1451 3302 ..

256 3352 273 3378 ‘¹
295 3341 505 3420 faciendum
534 3339 576 3406 de
606 3359 672 3425 quo
694 3339 861 3424 hucusque
890 3337 977 3404 nihil
999 3337 1123 3404 fecistis
1145 3337 1183 3402 in
1206 3337 1301 3404 effec-

256 3453 274 3480 “
296 3449 377 3522 tum,
404 3443 489 3508 sicut
520 3463 563 3508 ex
592 3440 723 3528 querele
752 3440 899 3527 ipsorum
930 3441 1092 3527 pistorum
1122 3439 1304 3527 occepimus

256 3553 273 3584 “
296 3547 437 3627 iterctn3
468 3544 556 3610 unde
585 3542 765 3631 plurimum
801 3543 1012 3610 admiremur.
1066 3542 1170 3608 Vobis
1201 3543 1305 3630 igitur

255 3657 274 3685 “
297 3647 404 3714 edhuc
424 3646 628 3722 mandemus,
644 3644 731 3712 sicut
756 3643 838 3710 uliae
867 3645 965 3711 vobis
984 3644 1225 3724 mendavimus,
1247 3644 1303 3709 fir-

255 3751 394 3816 “miter
422 3749 642 3837 injungentes,
673 3748 762 3834 quod
792 3746 963 3834 predictis
997 3747 1176 3833 pistoribus
1207 3769 1304 3833 super

254 3852 464 3920 “exactione
493 3850 660 3938 praedicto,
691 3849 761 3915 sine
782 3848 948 3915 ulterioris
986 3848 1158 3915 dilationis
1181 3848 1304 3914 incom-

258 3963 276 3991 “
297 3954 404 4033 modo,
427 3957 528 4041 prout
549 3955 661 4018 vestro
683 3949 847 4017 incumbit
869 3949 985 4033 officie,
1001 3951 1074 4016 fieri
1096 3949 1226 4017 nciam
1249 3951 1304 4016 dc-

256 4057 406 4123 “bitum
441 4053 584 4142 justitiae
625 4053 925 4140 complementum3
964 4053 1014 4118 ito
1052 4053 1141 4139 quod
1171 4052 1305 4139 querela

255 4167 275 4198 “
298 4161 341 4226 ed
370 4180 431 4225 nos
462 4157 504 4224 ob
534 4157 637 4223 vestri
660 4156 822 4222 defectum
854 4155 931 4221 inde
960 4176 1027 4220 non
1048 4155 1221 4241 perveniet
1245 4155 1305 4220 ite-

257 4272 274 4300 “
296 4267 377 4328 retu
423 4261 519 4326 'l'este
542 4258 678 4346 meipso,
704 4257 793 4345 opud
816 4256 1156 4340 Westmoncsterium,
1179 4255 1228 4321 xii
1251 4255 1305 4324 die

256 4373 276 4402 “
300 4363 390 4443 Maii,
421 4382 509 4429 nnnc
537 4360 634 4450 regni
655 4359 760 4427 nostri
783 4356 901 4428 xiiii⁰.”

304 4657 563 4736 Memorendum,
587 4657 676 4744 quod
700 4656 754 4723 die
776 4653 931 4722 Mercurii
961 4655 1112 4742 proximo
1145 4659 1222 4742 post
1244 4653 1306 4720 fes·
1319 4683 1432 4736 sucum.

277 4758 491 4852 tum-Sancti
519 4758 670 4850 Gregorii
692 4757 800 4846 Pape,
823 4779 912 4824 enno
933 4757 1083 4844 praedicti
1107 4757 1207 4846 Regis
1221 4756 1304 4839 xiiii,
1318 4737 1465 4881 ἔιέἕῖω
