3462 5836
502 873 567 938 352
838 888 941 941 mana
962 885 1205 942 cosmulnnrr
1350 879 1546 966 [Itanum

501 1073 647 1162 ceperint
669 1075 821 1142 denarios
854 1073 897 1142 ab
929 1075 1040 1164 aliquo
1072 1099 1130 1164 pro
1161 1079 1257 1144 unico
1289 1077 1547 1158 amerciamento,

499 1198 574 1243 cnm
597 1183 729 1246 tantum
751 1179 851 1246 semel
873 1177 974 1246 fuerit
996 1181 1199 1248 amerciatua

546 1280 598 1346 De
619 1279 684 1346 hiis
710 1282 768 1368 qui
792 1283 1040 1370 manuceperint
1055 1282 1208 1368 aliquem,
1231 1283 1425 1350 babendum
1449 1307 1547 1350 coram

500 1381 701 1449 Justiciariie
730 1383 921 1470 primodie,
944 1389 980 1450 et
1002 1385 1110 1472 ipsum
1133 1407 1201 1452 non
1223 1385 1422 1452 habuerunt

547 1485 598 1551 De
621 1485 685 1552 hiis
700 1488 757 1574 qui
778 1486 1005 1553 subtraxerint
1026 1487 1143 1554 brevia
1166 1489 1302 1552 Domini
1326 1488 1439 1576 Regis,
1462 1495 1496 1555 et
1515 1513 1549 1554 ca

502 1589 597 1654 nlteri
620 1590 706 1676 parti
721 1589 964 1668 vendiderunt3
980 1611 1039 1678 per
1061 1591 1150 1676 quod
1166 1590 1330 1656 Dominus
1346 1591 1422 1658 Rex
1445 1593 1549 1659 anusit

502 1691 591 1778 quod
613 1693 656 1758 ad
679 1691 784 1779 ipsum
808 1691 978 1778 pertinuit

547 1793 598 1861 De
630 1793 887 1861 Coronatoribus
914 1795 971 1881 qui
1001 1794 1162 1871 denarios,
1198 1793 1281 1882 [vel]
1312 1795 1370 1881 qni
1410 1797 1546 1882 aliquam

501 1897 683 1964 mercedem
716 1897 870 1984 ceperint,
897 1918 957 1984 pro
989 1896 1094 1964 officio
1128 1918 1187 1963 suo
1217 1899 1435 1984 exequendo;
1470 1905 1503 1964 et
1523 1899 1548 1962 si

498 2000 616 2066 catella
646 1999 792 2066 felonum
824 1999 880 2066 vel
911 1999 1129 2086 fugitivorum
1159 2001 1412 2080 concelaverint‚
1437 2001 1490 2066 vel
1511 2000 1548 2065 ad

497 2125 579 2190 opus
612 2124 709 2170 suum
742 2101 953 2180 detinuerint,
989 2107 1026 2168 et
1064 2102 1237 2188 quomodo,
1268 2105 1303 2168 et
1335 2103 1377 2168 ad
1414 2123 1547 2189 qnorum

497 2227 614 2272 manns
635 2227 675 2272 ea
696 2204 898 2272 devenerint.

543 2309 594 2374 De
616 2307 681 2374 biis
703 2307 761 2394 qni
787 2308 921 2394 capiunt
946 2305 1141 2395 [columbas]
1166 2329 1278 2373 cereas
1299 2307 1336 2372 in
1358 2307 1480 2394 hyeme
1495 2328 1547 2394 per

497 2412 583 2478 retia
597 2411 651 2478 vel
663 2411 729 2478 alia
744 2411 887 2499 ingenia,
903 2431 962 2497 per
984 2409 1074 2496 quod
1096 2409 1299 2476 columbaria
1324 2410 1546 2476 destruuntur.

541 2515 593 2580 De
615 2514 773 2602 pontibus
796 2517 831 2580 et
852 2511 984 2578 calcetis
1009 2512 1123 2579 fractis
1146 2513 1182 2578 in
1206 2514 1440 2579 communibus
1464 2519 1546 2579 trcn·

496 2617 694 2696 sitionibns;
718 2617 792 2704 quis
816 2637 871 2682 eos
895 2635 1045 2702 reparare
1066 2621 1101 2682 et
1123 2616 1287 2682 cristinere
1311 2616 1440 2682 debeat

543 2718 594 2785 De
619 2719 725 2806 captis
750 2723 784 2784 ct
810 2718 1022 2784 incarceratis
1053 2739 1113 2805 pro
1147 2718 1260 2806 aliqua
1284 2719 1474 2805 suspicione
1495 2741 1546 2806 per

497 2822 712 2889 vicecomites
726 2820 782 2887 vel
805 2819 886 2886 alios
902 2819 1041 2888 ballivos
1063 2841 1291 2907 quoscunquffi
1316 2821 1462 2907 qualiter
1482 2821 1545 2887 fue·

495 2926 566 2993 rint
588 2923 769 2992 deliberati.

540 3029 591 3096 De
612 3027 776 3094 telonibus
797 3025 960 3092 damnetis
975 3030 1010 3093 et
1031 3023 1202 3114 suspensis.
1220 3025 1300 3092 alibi
1324 3047 1425 3113 quam
1441 3049 1543 3094 coram

495 3132 696 3200 Justiciariis
722 3131 766 3197 ad
793 3128 990 3196 Communia
1017 3127 1152 3207 Placita
1184 3129 1227 3194 ad
1258 3151 1398 3216 quorum
1430 3151 1544 3196 manns

494 3237 615 3305 catalla
630 3237 743 3302 eorum
763 3231 966 3301 devenerint
1019 3231 1065 3298 Et
1089 3228 1201 3318 ¹quid,
1216 3231 1245 3296 si
1261 3254 1335 3318 quae
1357 3233 1543 3313 habuerint,

493 3344 640 3422 teneant,
675 3343 711 3405 ct
743 3359 765 3404 a
795 3356 860 3423 quo
890 3339 1047 3420 ternpore,
1081 3337 1117 3400 et
1148 3339 1312 3420 qnantum
1336 3336 1452 3404 valent
1489 3357 1544 3424 per

492 3464 625 3510 annum.

537 3546 588 3612 De
610 3544 675 3610 hiis
697 3542 756 3632 qui
779 3544 916 3608 currunt
930 3537 968 3605 in
990 3537 1107 3606 alienis
1128 3539 1295 3606 warennis
1316 3540 1388 3608 sine
1409 3539 1545 3608 licentia

492 3649 709 3716 dominorum

537 3751 590 3817 De
611 3749 676 3816 hiis
698 3749 756 3836 qni
779 3745 989 3832 distringunt
1010 3743 1054 3810 ad
1075 3743 1257 3830 pciandum
1279 3746 1354 3832 plus
1377 3767 1477 3832 quam
1500 3747 1542 3812 ad

492 3853 581 3943 quod
611 3853 721 3919 fuerat
748 3849 945 3916 amerciatus
977 3869 1036 3934 per
1069 3846 1328 3932 sumonitionem
1360 3848 1529 3916 Soaccarii.

537 3957 589 4024 De
611 3955 676 4021 hiis
706 3954 766 4041 qni
797 3949 1030 4018 distrinxerint
1064 3949 1176 4036 plures
1209 3948 1359 4016 homines
1383 3950 1542 4019 babentes

491 4081 595 4129 unum
624 4077 754 4137 nomen,
789 4075 847 4144 per
876 4051 1132 4119 sumonitionem
1166 4051 1336 4134 scaccarii,
1368 4058 1408 4120 nt
1443 4077 1542 4121 nnus-

490 4166 628 4253 qnisquc
641 4161 768 4250 paiaret
782 4179 886 4224 unum
902 4155 1202 4235 amerciementum,
1219 4177 1294 4222 cum
1308 4177 1395 4223 unus
1409 4162 1541 4224 tantum

489 4267 592 4334 fuerit
613 4261 817 4330 amerciatus

536 4368 588 4436 De
610 4363 867 4434 vicecomitibus
889 4365 925 4428 et
955 4361 1030 4427 aliis
1064 4359 1198 4427 ballivis
1224 4361 1284 4447 qni
1318 4362 1465 4448 ceperint
1487 4361 1541 4428 de·

489 4473 600 4538 uarios
625 4491 686 4559 pro
715 4465 839 4556 vigiliis
867 4464 1058 4532 constitutis
1080 4463 1117 4528 in
1138 4483 1241 4550 regno
1260 4484 1328 4530 non
1352 4463 1540 4532 observatis

534 4578 587 4644 De
600 4575 666 4641 hiis
688 4573 754 4661 qui,
771 4592 829 4660 per
842 4569 992 4638 fraudem
1018 4573 1054 4634 et
1075 4567 1248 4647 malitiam,
1264 4573 1370 4636 terras
1392 4573 1428 4636 et
1449 4575 1540 4636 tene·

1383 4720 1415 4726 --.
1420 4720 1534 4730 ὴ--

811 4814 953 4882 ¹Proper15
964 4815 1007 4880 qni
1019 4820 1105 4875 terrea
1116 4813 1141 4863 ci
1150 4827 1221 4878 qaas·
