3462 5836
252 898 294 960 14
309 911 393 960 nov.
407 891 462 978 11.]
501 908 666 959 rarrcnre
688 906 887 957 nrnrvnunn
909 905 953 956 ar
975 905 1044 955 rna
1067 906 1153 955 mne.
1232 887 1298 954 359

249 1119 347 1184 super
369 1097 466 1163 dictis
487 1097 736 1184 gravaminibus
758 1095 795 1159 in
818 1093 927 1160 Curiis
942 1091 1079 1158 Domini
1102 1091 1203 1178 Bagis
1224 1109 1301 1156 con-

249 1197 360 1286 questi
383 1199 517 1266 fuerint.

295 1303 348 1368 De
361 1302 427 1368 hiis
450 1303 507 1390 qui
523 1301 675 1368 miserint
688 1301 732 1366 ad
755 1300 871 1366 domus
893 1298 948 1364 vel
970 1296 1014 1364 ad
1029 1295 1177 1364 maneria
1191 1295 1300 1384 religi-

250 1427 390 1486 osorum,
424 1404 480 1472 vel
511 1405 662 1484 aliorum,
694 1404 852 1482 homines,
887 1422 996 1486 equos,
1031 1401 1086 1466 vel
1120 1421 1225 1479 canes,
1259 1401 1302 1466 ad

251 1508 561 1596 perhendinandum
584 1507 628 1572 ed
650 1519 781 1572 austum
803 1504 951 1570 aliorum.

296 1610 349 1676 De
381 1610 640 1676 Vicecomitibus
675 1607 886 1673 venientibus
919 1605 964 1670 ad
997 1605 1233 1692 hospitandum
1267 1605 1303 1672 in

252 1712 386 1779 ballivis
408 1713 485 1791 suis,
508 1735 583 1780 cum
605 1711 756 1798 pluribus
779 1709 871 1795 cquis
894 1731 994 1794 quam
1018 1730 1092 1774 curn
1123 1731 1147 1774 v
1167 1708 1223 1776 vel
1246 1709 1304 1790 vi;

253 1815 307 1882 vel
338 1816 396 1901 qui
429 1837 488 1903 per
519 1815 708 1901 frequentes
742 1812 906 1878 adventus
936 1811 1027 1877 ultra
1049 1811 1185 1878 modum
1208 1831 1304 1898 quos-

253 1939 382 2004 cunque
405 1918 626 1984 oneraverint.

298 2021 349 2086 De
371 2021 435 2086 hiie
450 2023 509 2106 qui
524 2019 710 2086 levaverint
725 2017 888 2104 escapium
910 2017 1077 2085 latronum
1092 2019 1146 2084 vel
1160 2018 1305 2084 selorum

253 2129 431 2210 antequam
466 2123 695 2210 adjudicatum
725 2121 827 2188 fuerit
866 2143 927 2208 per
965 2121 1174 2188 Justiciarios
1207 2122 1304 2189 itine-

254 2233 374 2293 rentes.

299 2329 352 2395 De
374 2328 439 2394 hiis
469 2329 526 2415 qui
556 2329 618 2394 sub
640 2328 746 2394 colore
769 2326 810 2394 de
836 2326 967 2393 vereclro
990 2327 1090 2392 marie
1113 2326 1201 2393 bona
1223 2349 1304 2414 quc·-

254 2454 456 2519 rumcunque
488 2431 552 2498 eibi
587 2431 881 2518 appropriaverint,
916 2451 990 2496 oum
1021 2430 1100 2496 inde
1130 2431 1305 2498 wrekkum

254 2536 375 2602 habere
397 2556 465 2601 non
488 2534 640 2612 debeant,
665 2533 727 2622 [et]
750 2554 819 2598 non
842 2534 884 2599 ad
907 2553 962 2598 eoa
984 2533 1158 2620 pertineat

298 2639 352 2704 De
374 2638 439 2704 hiis
461 2638 518 2725 qui
541 2635 711 2702 amerciati
734 2641 814 2702 sunt
836 2635 906 2702 sine
922 2635 1113 2702 rationabili
1129 2635 1304 2714 occasione,

251 2747 285 2809 et
313 2743 402 2807 ultra
425 2741 651 2826 quantitatem
674 2738 798 2818 delicti,
836 2743 871 2804 at
902 2761 969 2806 non
999 2761 1059 2827 per
1084 2759 1180 2828 pares
1195 2761 1308 2827 3-per

248 2835 352 2931 'quem
374 2843 544 2910 amerciati
566 2841 702 2910 fuerint

299 2947 351 3012 De
365 2947 461 3034 prisia
483 2945 800 3012 constabulariomm
816 2944 1010 3012 Castrorum
1031 2945 1127 3012 factis
1150 2945 1193 3011 de
1214 2945 1310 3012 bonis

254 3051 394 3116 aliorum
417 3069 518 3136 quam
542 3069 654 3114 eorum
676 3048 734 3134 qui
757 3051 837 3112 sunt
858 3047 898 3112 de
920 3047 1009 3112 villis
1031 3047 1089 3113 ubi
1105 3047 1224 3114 Omtra
1245 3048 1310 3113 sita

255 3153 401 3229 suerint;
428 3157 463 3217 et
477 3153 505 3217 ei
520 3151 563 3217 de
583 3151 816 3224 bonieteorum
839 3150 897 3234 qui
919 3156 998 3215 eunt
1020 3150 1061 3216 de
1083 3149 1205 3216 eisdem
1220 3149 1309 3216 villis

255 3275 323 3321 non
345 3254 550 3320 satisfactum
566 3253 668 3320 fcerit
690 3253 737 3318 eis
760 3273 859 3340 supra
880 3252 918 3316 xl
940 3252 1030 3332 dies;
1052 3252 1198 3338 exeeptis
1212 3251 1309 3339 prisia

256 3360 405 3448 antiquis
434 3361 556 3426 debitis
590 3365 624 3426 et
661 3359 825 3426 consuetis
843 3379 956 3446 3-per
987 3379 1085 3446 quem
1119 3358 1309 3446 hujusmodi

257 3465 354 3552 prisce
376 3463 473 3530 fectae
491 3462 628 3542 'ineunt
652 3468 687 3528 ct
710 3463 850 3548 quande.

302 3565 354 3631 De
376 3567 440 3632 biis
463 3567 520 3653 qui
542 3566 585 3631 ad
612 3565 808 3632 mandatum
831 3563 1070 3632 vicecomitum
1092 3565 1147 3632 vel
1169 3563 1309 3632 aliorum

256 3669 456 3736 ballivorum
489 3668 627 3734 Domini
660 3667 768 3756 Regis,
802 3667 858 3734 vel
891 3669 934 3734 ed
968 3669 1142 3735 clamorem
1183 3669 1307 3755 patriae,

257 3773 349 3859 ecqui
371 3773 427 3837 vel
458 3771 612 3838 arrestari
643 3793 711 3838 non
744 3771 881 3838 fecerint
913 3771 1043 3852 felonee,
1079 3777 1312 3838 conversantes

258 3882 328 3943 tem
350 3873 439 3940 infra
460 3875 631 3940 libertates
654 3897 754 3962 quam
778 3879 883 3940 extra

301 3978 352 4044 De
375 3977 641 4058 vicecomitibus,
665 3983 700 4044 et
722 3977 989 4059 Coronatoribus,
1013 3983 1049 4044 et
1070 3977 1144 4042 aliis
1167 3975 1309 4058 ballivis,

255 4087 326 4148 tam
348 4081 435 4148 infra
460 4082 633 4148 libertates
667 4099 766 4170 quam
789 4087 893 4162 extra,
918 4082 973 4147 vel
992 4081 1049 4168 qui
1071 4101 1174 4168 preca,
1194 4080 1309 4168 pretio,

256 4186 312 4251 vel
341 4185 454 4272 eliqua
486 4183 659 4264 affinitate,
688 4185 939 4264 concelaveriut,
975 4185 1029 4250 vel
1052 4183 1313 4250 ¹concelaverint

258 4288 518 4376 procuraverint,
550 4287 686 4353 telonias
717 4286 822 4354 factas
853 4289 890 4352 in
920 4287 1054 4353 ballivis
1086 4287 1162 4366 ruis,
1192 4286 1246 4353 vel
1277 4307 1311 4352 se

256 4393 417 4458 finxerint
454 4390 636 4458 attachiare
667 4390 857 4477 hujusmodi
887 4390 1121 4471 malefactores,
1152 4389 1190 4454 in
1219 4388 1311 4455 favo-

257 4517 328 4560 rem
351 4493 539 4572 ecrundem,
563 4494 706 4581 qualiter
728 4499 763 4560 et
785 4515 859 4580 quo.

303 4597 355 4664 De
378 4597 444 4662 hiis
468 4598 526 4684 qui
551 4597 725 4684 rapuerint
747 4596 934 4662 domicellae
956 4595 1043 4662 infra
1065 4599 1198 4663 aetatem
1226 4595 1311 4662 exie

327 4771 436 4778 ...n-*-
449 4772 501 4779 -,--
509 4773 625 4780 .-.υ-...-

646 4849 654 4882 ¹
672 4845 795 4916 Properly
811 4847 936 4900 wncdcrir
