3600 5822
444 823 509 888 286
776 837 878 887 mans
900 835 1142 888 odoramnus.
1289 821 1444 908 [lsmw.
1457 841 1495 890 11.

444 1031 464 1061 “
486 1023 628 1105 debent3
654 1022 743 1110 quod
765 1024 834 1090 sint
856 1025 945 1112 apud
967 1025 1096 1091 Turrim
1126 1029 1275 1091 nostram
1306 1024 1494 1093 Londonia·

446 1133 465 1160 “
486 1147 561 1190 rum
576 1127 613 1192 iu
634 1127 777 1191 crastino
800 1125 914 1192 Sancti
932 1125 1075 1206 Hillarii,
1093 1148 1202 1193 eoram
1217 1127 1338 1194 dilecto
1353 1131 1388 1194 ot
1403 1127 1494 1194 fideli

444 1233 463 1264 “
486 1231 607 1306 nostro,
625 1227 768 1293 Hervioo
791 1228 832 1294 de
852 1228 1025 1310 Stantone,
1048 1234 1083 1294 st
1099 1229 1173 1294 aliis
1195 1228 1348 1296 fidelibus
1362 1230 1493 1306 nostris,

442 1335 462 1365 “
483 1350 566 1414 quos
588 1334 667 1396 tuno
691 1329 814 1396 ibidem
843 1330 977 1396 missuri
999 1352 1122 1410 sumus,
1146 1331 1295 1398 audituri
1316 1337 1351 1398 et
1373 1331 1494 1398 facturi

444 1438 464 1466 “
485 1436 684 1518 praeoeptum
716 1438 875 1498 nostrum.
933 1431 1080 1498 Faoiatis
1106 1433 1210 1499 etiam
1239 1433 1353 1499 venire
1385 1451 1494 1500 eoram

445 1543 463 1572 “
486 1537 608 1602 eisdem
630 1536 782 1604 fidelibus
804 1537 928 1602 nostris
950 1539 1063 1604 omnia
1084 1538 1209 1626 placita
1230 1560 1358 1606 ooronae
1373 1545 1494 1604 nostra

445 1646 464 1676 “
486 1660 561 1725 quae
582 1639 741 1726 placitata
767 1660 835 1705 non
866 1644 953 1719 sunt,
985 1639 1039 1706 vel
1071 1661 1148 1727 queo
1173 1647 1376 1707 emerserunt
1404 1645 1494 1727 post-

445 1748 464 1778 “
486 1763 586 1828 quam
619 1742 643 1806 J
645 1742 804 1808 ustioiarii
838 1743 957 1807 ultimo
997 1743 1241 1810 itineraverunt
1270 1743 1308 1808 in
1344 1742 1494 1830 partibus

445 1851 462 1879 “
484 1843 558 1922 illis,
590 1847 626 1910 et
659 1844 771 1910 omnia
808 1843 929 1930 placita
961 1848 996 1908 et
1025 1845 1286 1911 attuohiamenta
1307 1843 1351 1910 ad
1372 1843 1494 1931 placito

446 1956 464 1986 “
486 1949 557 2014 illa·
575 1950 784 2037 pertinentia,
816 1954 851 2016 et
881 1971 992 2015 omnes
1016 1951 1144 2031 assuas,
1167 1955 1202 2016 ot
1233 1950 1345 2017 omnia
1371 1950 1493 2038 plaoita

320 2083 326 2098 ·
372 2091 380 2107 ·
444 2057 463 2088 “
485 2074 559 2139 quar
589 2053 698 2140 posita
727 2057 807 2118 sunt
828 2051 871 2116 ad
892 2053 1032 2138 primam
1055 2053 1190 2118 assisam
1213 2071 1322 2118 eoram
1336 2051 1494 2118 Justioia·

446 2161 464 2190 “
486 2155 554 2233 riis,
580 2177 654 2220 oum
684 2153 842 2220 brevibus
870 2153 1045 2220 assisarum
1070 2153 1201 2220 illumin
1229 2159 1264 2219 ot
1285 2153 1492 2241 plaritorum.

445 2267 463 2292 “
487 2257 542 2322 lta
571 2256 659 2342 quod
681 2257 791 2322 assisae
823 2255 889 2322 '111ae
925 2261 960 2322 et
990 2256 1122 2342 placita
1153 2277 1214 2342 pro
1238 2254 1369 2322 defertu
1392 2256 1493 2322 vestri

446 2368 463 2394 “
485 2357 540 2424 vel
569 2358 834 2424 summonitionis
862 2362 991 2438 vestrae,
1014 2379 1081 2424 non
1104 2361 1304 2422 remaneant.
1351 2357 1493 2422 Faciatis

446 2465 463 2496 “
486 2461 587 2525 etiam
610 2459 744 2526 clamari
783 2463 819 2526 et
847 2459 923 2524 sciri
945 2480 1003 2546 per
1026 2464 1134 2525 totam
1157 2457 1317 2524 bailivum
1340 2463 1494 2536 vostram,

445 2561 575 2646 “quod
609 2583 721 2627 omnes
751 2559 861 2628 assisae
894 2563 928 2626 ot
964 2561 1077 2626 omnia
1106 2559 1230 2647 placita
1260 2577 1336 2646 quae
1359 2561 1493 2626 fuerunt

444 2670 462 2698 “
484 2662 698 2728 atterminata
727 2669 761 2728 et
783 2679 850 2727 nou
879 2663 983 2744 finita„
1007 2661 1061 2728 vel
1091 2684 1164 2749 quae
1194 2662 1329 2728 fuerunt
1351 2682 1493 2728 summo-

443 2769 462 2800 “
484 2765 558 2829 uita
589 2785 697 2830 coram
730 2759 932 2829 Justioiariis
963 2759 1100 2829 Domini
1132 2761 1296 2842 Edwmdi,
1322 2764 1490 2848 quondam

446 2871 465 2902 “
488 2865 589 2952 Regis
611 2865 750 2952 Angliae,
781 2865 886 2952 patris
913 2862 1027 2946 nostri,
1052 2870 1087 2932 et
1110 2863 1241 2944 nostris,
1271 2864 1359 2952 apud
1382 2861 1491 2929 West·

446 2969 720 3034 “monasterium
757 2972 791 3034 et
829 2965 1025 3048 Eboracum,
1064 2968 1118 3033 vel
1149 2989 1257 3032 coram
1292 2965 1492 3032 Justioiariis

446 3078 464 3104 “
486 3069 567 3136 dioti
589 3071 692 3158 patris
715 3071 819 3136 nostri
835 3071 891 3156 qui
907 3071 1025 3136 ultimo
1047 3069 1293 3135 itineraverunt
1308 3067 1397 3155 apud
1411 3067 1491 3132 'hrr-

445 3181 462 3208 “
485 3173 548 3237 rim
563 3174 765 3260 praedictam,
778 3169 820 3238 ad
837 3172 948 3238 omnia
962 3171 1092 3258 placita,
1107 3171 1162 3236 vel
1173 3191 1281 3236 ooram
1293 3169 1317 3234 J
1319 3169 1494 3235 usticiariis

441 3281 461 3310 “
483 3275 604 3342 nostris
630 3277 709 3341 illuc
731 3275 838 3340 missis
860 3275 903 3339 ad
926 3275 1042 3339 assises
1069 3272 1242 3358 capiendas
1266 3269 1322 3338 vel
1345 3273 1388 3338 ad
1411 3271 1495 3336 (ωο-

445 3387 462 3418 “
484 3379 551 3448 lam
573 3381 820 3447 deliberandum
832 3405 840 3462 ;
864 3379 953 3466 quod
974 3385 1055 3445 tuno
1077 3379 1147 3443 sint
1162 3399 1270 3444 coram
1293 3377 1394 3443 dietis
1416 3377 1496 3442 fide-

444 3490 463 3522 “
485 3485 571 3550 libus
586 3485 715 3564 nostris,
732 3484 821 3571 apud
844 3483 973 3548 Turrim
995 3481 1196 3569 pradictum,
1214 3482 1250 3545 in
1273 3481 1388 3559 eodem
1403 3485 1494 3544 statu

445 3592 551 3674 “quo
580 3593 661 3653 tuno
693 3589 922 3652 remanserunt
951 3605 1010 3671 per
1042 3587 1244 3672 praeceptum
1266 3587 1417 3648 nostrum
1439 3580 1491 3646 vel

444 3699 463 3725 “
486 3689 649 3755 dictorum
671 3687 940 3753 Justioiariorum
962 3685 1200 3763 itinerantium,
1215 3683 1270 3750 vel
1285 3683 1493 3750 Justioiurio·

444 3801 463 3828 “
484 3814 559 3858 rum
574 3791 656 3856 dioti
678 3791 781 3878 patris
802 3791 917 3868 nostri,
942 3795 976 3854 et
999 3794 1194 3867 nostrorum,
1213 3787 1254 3853 de
1271 3782 1390 3852 Banoo.
1430 3783 1493 3850 Su·

443 3901 461 3932 “
483 3893 638 3960 moniatis
661 3893 770 3972 etiam,
798 3893 981 3978 perbonos
1004 3890 1263 3967 summonitores,
1287 3907 1401 3953 omnes
1422 3885 1494 3952 iilos

443 3997 541 4084 “qui
572 3995 722 4081 Majoros,
748 3993 975 4074 Aldermanni,
992 3990 1214 4070 Vioeoomitos
1240 3983 1429 4068 Camerarii,
1459 3989 1495 4052 et

444 4105 461 4136 “
485 4099 709 4176 Ooronatores,
741 4097 877 4163 fuerunt
905 4096 1038 4172 ibidem,
1069 4099 1144 4182 post
1173 4093 1326 4158 ultimam
1353 4089 1496 4156 Itinera-

444 4209 462 4240 “
484 4203 609 4269 tionem
625 4201 649 4265 J
650 4199 889 4265 usticiariorum
912 4195 1001 4284 apud
1016 4195 1145 4261 Turrim
1161 4193 1352 4282 praedictam
1367 4215 1376 4273 ;
1405 4189 1495 4278 quod

444 4311 462 4342 “
484 4311 565 4371 tuno
602 4303 669 4368 sint
699 4301 832 4380 ibidem,
860 4321 970 4367 eoram
1000 4297 1146 4386 praefatis
1175 4295 1330 4362 fidelibus
1362 4293 1494 4372 nostris,

444 4413 462 4443 “
485 4429 559 4472 oum
581 4405 737 4472 brevibus
763 4403 803 4468 de
826 4403 935 4468 assisis
958 4406 992 4466 et
1015 4399 1145 4488 placitis
1168 4419 1242 4485 quae
1264 4403 1412 4482 tempore
1435 4416 1495 4460 suo

445 4517 462 4545 “
483 4512 684 4595 receperimt,
704 4505 747 4572 ad
776 4501 1039 4592 respondendum
1069 4501 1111 4567 de
1141 4505 1290 4587 tempore
1322 4521 1390 4576 suo,
1408 4497 1495 4562 siout

445 4617 463 4645 “
484 4608 679 4697 respondere
710 4607 841 4689 debent,
872 4629 981 4673 coram
1019 4602 1220 4670 Justioiariia
1250 4598 1494 4668 itinerantibus

444 4723 462 4752 “
485 4715 698 4805 Praeoipimus
724 4717 826 4784 etiam
855 4714 959 4795 vobis,
993 4711 1083 4799 quod
1113 4733 1173 4799 per
1195 4711 1302 4777 totam
1332 4702 1494 4774 ballivum
