3600 5822
316 859 359 923 12
374 856 527 947 mun]
574 870 739 924 snrrcnns
762 869 947 926 corcrnnn
968 868 1014 920 nr
1036 867 1184 920 mulne
1208 868 1246 918 11.
1301 851 1364 925 271

315 1065 334 1094 “
357 1059 495 1126 eundem
518 1063 699 1138 monentes,
730 1079 769 1124 cc
799 1078 858 1144 per
891 1079 926 1124 se
949 1056 1005 1122 vel
1037 1077 1097 1144 per
1119 1077 1195 1122 suos
1221 1077 1367 1122 mercen·

313 1167 333 1197 ‘¹
356 1161 444 1228 disus
465 1183 541 1228 sues
563 1161 651 1228 infru
677 1159 801 1226 dictem
823 1159 997 1226 civitatem
1020 1163 1216 1240 exercentes,
1240 1160 1309 1226 sint
1330 1159 1368 1224 in

315 1269 333 1300 ‘⁶
356 1263 457 1330 Lotto
481 1268 516 1332 ct
538 1263 654 1330 Scotto
680 1284 756 1330 cum
779 1261 1015 1328 communeriis
1038 1260 1187 1347 ejusdem
1210 1261 1366 1340 civitatis,

315 1369 334 1402 “
355 1385 416 1452 pro
437 1365 650 1432 mercandisis
681 1364 749 1432 suis
771 1364 959 1452 praedictis3
981 1364 1037 1430 uel
1059 1365 1140 1430 elius
1171 1364 1367 1430 elibertete

316 1475 334 1504 “
356 1489 416 1532 sne
445 1473 672 1534 amoveantur.
713 1467 760 1534 Et
785 1467 875 1554 quod
899 1465 1082 1532 Commune
1108 1465 1264 1554 Sigillum
1286 1465 1366 1532 civi·

315 1573 334 1606 “
357 1569 438 1636 tetis
467 1570 634 1656 praedictae
656 1569 694 1636 in
717 1567 867 1636 custodie
900 1568 1043 1634 duorum
1066 1568 1366 1634 Aldermcnnorum

174 1729 185 1747 ,
315 1678 333 1708 “
356 1675 391 1738 et
425 1672 566 1740 ducrum
599 1671 751 1752 eliorum,
783 1671 1099 1750 Oommunnriorum,
1130 1693 1188 1758 per
1212 1671 1368 1738 Commu·

314 1781 332 1811 “
354 1775 464 1842 nerics
490 1775 637 1844 civitatis
659 1775 751 1840 illius
772 1773 816 1840 ed
838 1774 901 1840 hoc
924 1773 1159 1860 eligendorum,
1175 1777 1366 1853 remcneet3

314 1883 333 1916 “
355 1883 390 1942 et
419 1877 508 1963 quod
531 1877 686 1964 Sigillum
708 1875 793 1942 illud
822 1897 890 1942 non
923 1882 1065 1962 negetur
1086 1875 1286 1962 pauperibus
1308 1897 1368 1941 nec

312 1985 333 2015 “
355 1977 528 2061 divitibus,
547 1977 791 2048 Communmiis
814 1978 855 2044 de
877 1976 1014 2045 civitate
1036 1977 1202 2064 pmedicte,
1219 1999 1294 2046 cum
1316 1977 1366 2044 in-

313 2087 332 2120 “
355 2080 531 2166 dignerint,
575 2080 753 2148 dummodo
790 2084 905 2146 temen
942 2078 1187 2147 rationabiliter
1228 2079 1367 2168 probare

314 2191 333 2220 “
355 2188 511 2271 potenmt
539 2206 671 2252 censum
696 2207 765 2252 susc
788 2183 980 2264 demendum
1010 2190 1046 2252 ct
1075 2206 1136 2272 pro
1159 2185 1366 2273 appositione

313 2295 331 2323 “
353 2287 463 2374 Sigilli
498 2287 588 2354 illius
627 2287 713 2352 nihil
751 2287 910 2374 capietur.
959 2285 1004 2354 Et
1040 2287 1131 2372 quod
1163 2286 1366 2354 redditiones

314 2389 553 2476 “judiciorum
575 2389 612 2455 in
637 2388 739 2458 Curia
760 2388 908 2456 civitatis
932 2387 1030 2468 illius,
1056 2394 1092 2456 et
1106 2389 1268 2476 praecipue
1290 2394 1367 2477 post

315 2499 333 2528 “
355 2493 561 2560 veredicturn
591 2491 855 2578 Inquisitionum
885 2495 1058 2578 ceptorum
1090 2490 1127 2556 in
1149 2491 1277 2558 essibus
1306 2491 1365 2557 ubi

312 2601 331 2632 “
355 2593 591 2681 Inquisitiones
628 2599 734 2681 ceptae
768 2593 901 2672 firerint,
936 2613 1005 2659 non
1039 2592 1258 2676 retardentur,
1300 2594 1365 2660 nisi

313 2704 331 2732 “
354 2696 531 2764 difficultas
557 2696 777 2764 intervenerit
789 2720 799 2776 3
823 2700 858 2762 et
888 2694 917 2762 si
939 2694 1116 2762 difficulter
1138 2695 1364 2774 intervenerit,

313 2806 331 2836 “
353 2805 488 2886 propter
517 2798 579 2866 hoc
613 2821 682 2864 non
711 2802 906 2864 remaneant
939 2797 1030 2864 ultre
1061 2797 1193 2865 tertiam
1231 2797 1365 2866 curiam

312 2909 330 2936 “
352 2901 518 2968 feciendse
559 2901 605 2966 Et
620 2901 708 2986 quod
731 2900 877 2987 pondere
891 2904 926 2965 et
940 2903 1074 2968 stoterae
1091 2900 1131 2966 de
1153 2900 1367 2968 mercandisis

312 3011 331 3038 “
352 3003 442 3070 inter
456 3008 653 3070 mercatores
675 3008 710 3068 ct
732 3007 928 3068 mercetorcs
942 3002 1171 3088 ponderandis,
1187 3003 1229 3069 de
1247 3003 1366 3090 quibus

313 3113 330 3140 ‘⁴
353 3106 463 3172 exitus
484 3105 724 3193 provenientes,
753 3109 788 3171 et
820 3103 966 3191 cognitio
1000 3104 1180 3171 eorundem
1204 3105 1247 3170 ed
1278 3125 1364 3170 com-

313 3214 331 3241 “
354 3207 555 3274 munitatem
580 3207 728 3274 civitatis
758 3206 926 3294 praedictee
948 3206 1125 3292 pertinent,
1153 3206 1190 3270 in
1216 3207 1365 3273 custodis

313 3314 332 3345 “
354 3309 533 3398 proborum
555 3313 590 3374 et
612 3307 846 3376 sufficientium
874 3309 1047 3375 hominum
1069 3309 1110 3374 de
1142 3307 1257 3374 eadem
1284 3308 1364 3374 civi-

313 3420 332 3446 “
354 3417 434 3492 tete,
458 3412 496 3478 in
526 3409 630 3478 officio
660 3411 719 3478 illo
741 3415 953 3498 expertorum
984 3415 1020 3478 et
1049 3410 1175 3478 adhoc
1198 3431 1256 3497 per
1278 3433 1363 3477 com-

311 3521 329 3550 “
351 3514 550 3581 munuum
587 3513 780 3600 praedictam
818 3512 1051 3600 eligendorum,
1083 3518 1286 3590 remaneant,
1318 3513 1363 3578 ed

311 3624 329 3651 “
351 3616 560 3684 voluntatem
583 3615 832 3682 communitatis
854 3614 944 3682 illius
967 3615 1201 3694 custodiende3
1224 3621 1259 3681 et
1273 3617 1362 3702 quod

301 3709 328 3754 '⁴‘
350 3717 424 3784 eliis
462 3739 563 3804 quem
601 3717 649 3783 sic
682 3717 842 3805 eligendis
876 3717 1067 3784 nullatenus
1103 3718 1361 3786 committantur.

310 3827 329 3856 “
351 3819 397 3886 Et
427 3819 516 3906 qnod
554 3819 771 3888 Vioecomites
809 3820 956 3886 civitatis
993 3819 1168 3907 praedictee,
1207 3821 1266 3906 qui
1302 3843 1362 3908 pro

309 3927 329 3960 “
349 3926 499 4008 tempore
530 3921 665 4002 fiterint,
697 3921 902 3988 theolonium
934 3926 969 3987 et
1006 3921 1088 3988 elias
1122 3928 1288 3988 custumes
1318 3923 1363 3988 ed

310 4031 328 4060 “
349 4024 479 4090 firmem
501 4045 595 4090 suem
617 4025 831 4112 pertinentes,
854 4046 893 4090 ec
926 4023 993 4090 elic
1025 4023 1132 4090 officie
1155 4025 1287 4111 publice
1320 4026 1363 4093 ed

311 4133 329 4163 “
352 4125 441 4214 ipsos
472 4127 658 4214 spectantis
689 4132 724 4194 et
753 4149 812 4215 per
844 4125 925 4194 elios
951 4126 1140 4205 exercendo,
1164 4126 1193 4191 si
1215 4148 1254 4192 ee
1275 4148 1363 4194 coma

310 4229 485 4296 “mittere
514 4229 696 4309 voluerint,
718 4229 908 4296 hominibus
938 4228 1176 4296 sufficientibus
1202 4251 1263 4316 pro
1290 4231 1362 4317 qui·

310 4337 329 4368 “
351 4329 415 4398 bus
448 4330 515 4418 ipsi
539 4331 757 4398 Vicecomites
788 4332 987 4418 respondere
1018 4331 1196 4412 voluerint,
1229 4335 1264 4398 et
1294 4354 1363 4398 non

309 4437 327 4470 “
349 4432 433 4514 eliis,
464 4433 698 4514 committent;
727 4437 764 4498 et
786 4432 815 4498 si
841 4435 923 4518 quis,
948 4455 1007 4520 per
1029 4433 1205 4520 praedictos
1229 4433 1362 4502 Viceco·

310 4534 448 4602 “mites
470 4534 514 4600 ed
536 4533 663 4620 eliquid
697 4534 941 4621 praemissorum
969 4534 1156 4622 deputetis,
1176 4539 1362 4602 custumcm

309 4643 329 4676 “
351 4637 535 4704 indebitam
567 4638 685 4724 cupiet,
725 4635 778 4704 vel
816 4636 915 4704 aliter
953 4658 987 4702 se
1018 4636 1156 4724 gesserit
1189 4637 1226 4703 in
1256 4636 1362 4704 officio

311 4743 330 4778 ‘⁶
351 4739 410 4808 illo
433 4762 533 4828 quum
564 4739 693 4819 debeat,
730 4743 766 4808 et
797 4737 843 4806 ud
872 4743 995 4808 scctcm
1028 4739 1261 4828 conquerentis
1283 4740 1361 4810 inde
1427 4822 1432 4832 ι
1522 4806 1526 4816 ,
