3600 5822
291 908 334 973 14
350 921 434 972 now.
451 901 507 994 ιι]
540 917 647 970 cmm
669 917 713 967 or
734 913 857 967 uaros
878 915 922 966 ro
945 911 1061 964 smus
1085 914 1128 963 or
1152 913 1240 962 mna
1275 897 1339 962 299

290 1115 310 1146 “
332 1107 534 1174 Justicicriis
560 1105 614 1171 hic
644 1105 720 1170 iiiito
750 1104 805 1169 dia
828 1107 904 1192 post
934 1103 1131 1189 praedictum
1161 1100 1426 1166 crastinumeu
1353 1113 1437 1210 ιῗιιιοέιιι
1433 1113 1499 1219 (ᾧ

288 1210 450 1276 “Sancti
478 1209 624 1289 Hillarii,
656 1229 722 1295 quo
754 1207 898 1273 crastino
932 1204 1115 1272 Justiciarii
1147 1203 1200 1270 hio
1230 1205 1342 1269 sedere
1354 1215 1425 1262 som

289 1317 309 1350 “
331 1313 534 1400 incepanmt,
575 1315 611 1376 et
640 1311 867 1376 clamaverunt
897 1331 956 1396 pro
990 1313 1064 1374 tota
1104 1306 1343 1375 communitate
1396 1361 1402 1368 .

292 1415 481 1482 “civitatis
510 1413 686 1502 praedictae,
710 1412 838 1498 quod
828 1433 865 1476 ιιι
895 1410 1033 1499 singulis
1062 1409 1243 1477 Itineribus
1265 1408 1343 1474 Jus-

290 1522 310 1554 “
333 1518 538 1583 ticiariorum
565 1516 654 1603 apud
687 1515 820 1580 Turrim
850 1513 1090 1591 itinerantium,
1116 1512 1273 1599 Capitula
1303 1511 1344 1576 de

291 1623 493 1688 “Articulis
532 1623 573 1687 de
606 1619 796 1705 hujusmodi
831 1619 1016 1684 Itineribus
1051 1618 1174 1685 debent
1210 1617 1344 1682 liberari

291 1730 309 1762 “
333 1725 454 1810 Majori
477 1729 511 1790 et
527 1721 761 1789 Aldermannis
783 1721 881 1787 dictae
903 1720 1074 1800 civitatis3
1105 1743 1203 1808 super
1225 1721 1343 1807 quibus

290 1825 493 1892 “Articulis
530 1825 632 1891 iidem
664 1823 772 1910 Major
808 1827 843 1889 et
876 1821 1096 1888 AIdermanni
1132 1823 1254 1889 debent
1294 1845 1344 1888 re-

291 1935 310 1966 “
333 1927 493 2016 spondere
523 1949 583 2015 pro
613 1931 688 1992 tota
710 1926 948 1994 communitate
971 1925 1129 2013 praediota
1151 1925 1192 1991 da
1214 1925 1345 2012 placitis

292 2037 311 2068 ‘¹
333 2030 377 2096 ad
400 2049 553 2096 coronam
578 2029 717 2095 Domini
738 2029 838 2116 Regis
859 2029 1106 2116 spectantibus;
1129 2029 1252 2115 absque
1273 2028 1344 2108 hoc,

292 2137 312 2171 “
334 2132 423 2219 quod
438 2133 521 2200 dicti
537 2133 646 2219 Major
668 2137 702 2198 et
718 2131 937 2197 Aldermanni
960 2137 1201 2198 sacramentum
1221 2131 1346 2196 faciant

292 2242 311 2271 “
333 2237 374 2301 de
396 2235 539 2301 verItate
562 2234 727 2314 dicenda;
756 2235 806 2302 ita
829 2235 918 2320 quod
940 2234 1050 2321 Major
1071 2240 1106 2300 et
1129 2231 1345 2300 Aldermanni

292 2337 506 2403 “veritatem
539 2337 651 2403 dicent
682 2337 726 2402 cd
748 2335 915 2402 Articulos
945 2336 1128 2424 praedictos,
1151 2342 1186 2403 et
1208 2337 1281 2401 aliis
1303 2336 1346 2402 ab

293 2447 312 2476 “
334 2440 381 2505 eis
403 2438 618 2526 requirendis,
634 2441 671 2504 in
692 2438 758 2504 fide
774 2461 840 2525 qua
862 2442 1020 2505 tenentur
1035 2439 1178 2505 Domino
1195 2437 1287 2526 Regi,
1312 2443 1346 2505 et

292 2549 313 2581 “
336 2539 517 2607 secundnm
540 2541 737 2607 fidelitatem
762 2562 862 2627 quam
887 2541 917 2606 ei
937 2541 1091 2607 fecerunt
1138 2541 1184 2605 Et
1205 2539 1292 2628 quod
1319 2541 1347 2606 si

292 2643 446 2729 “Major
475 2643 624 2709 civitatis
650 2643 819 2730 praediotae
845 2644 928 2709 bene
951 2642 1149 2730 respondent
1178 2666 1237 2730 pro
1259 2665 1346 2708 com·

292 2751 311 2782 “
333 2745 506 2825 munitate,
530 2743 620 2832 quod
640 2766 752 2810 omnes
771 2743 813 2810 de
828 2745 966 2812 civitate
980 2745 1140 2832 praedicta
1154 2745 1347 2833 perbonam

292 2847 578 2934 “responsionem
603 2845 748 2932 Mujoris,
765 2847 874 2934 quoad
897 2848 966 2928 hcc,
992 2847 1060 2913 sint
1089 2847 1202 2935 quieti.
1249 2847 1295 2913 Et
1318 2847 1346 2914 si

292 2958 311 2986 “
335 2949 442 3036 Major
464 2951 550 3016 male
573 2949 777 3038 respondeat,
802 2955 835 3015 et
860 2951 905 3016 sit
927 2951 1105 3032 convictus,
1120 2950 1175 3017 vel
1193 2951 1289 3018 cadat
1310 2951 1347 3015 in

293 3061 311 3089 “
333 3053 444 3138 aliquo
455 3053 727 3118 communitatem
743 3051 892 3118 civitatis
905 3057 1075 3141 tangente,
1087 3058 1168 3119 tuno
1178 3059 1347 3119 totacom-

292 3159 312 3192 “
335 3155 480 3220 munitas
503 3153 606 3221 cadet.
653 3154 700 3220 Et
722 3153 838 3220 dicunt
853 3155 934 3220 dicti
950 3155 1059 3241 Major
1074 3161 1108 3222 et
1122 3154 1347 3236 AIdermanni,

294 3265 313 3294 “
336 3257 425 3344 quod
439 3257 580 3344 quilibet
603 3255 791 3324 Vicecomes
810 3256 1021 3344 respondebit
1046 3259 1087 3324 de
1109 3263 1257 3346 tempore
1279 3279 1345 3324 auo.

337 3361 425 3426 “Et
440 3359 625 3428 Justiciarii
648 3383 746 3448 super
768 3361 829 3426 hoc
852 3360 1019 3441 dixerimt,
1037 3363 1126 3449 quod
1142 3364 1208 3429 sd
1199 3383 1453 3450 ιρεοιιιιιιΔ,ΜΓ

294 3469 313 3498 “
334 3462 605 3530 Justiciariorum
630 3463 777 3550 pertinet
807 3460 989 3529 officium
979 3465 1145 3552 mquirere
1177 3467 1217 3532 dc
1250 3465 1347 3531 factm
1359 3451 1495 3548 llesswli‘ffi

293 3567 560 3632 “ministrorum
587 3565 725 3632 Domini
750 3565 850 3654 Regis
872 3565 958 3632 infra
988 3567 1176 3634 libertatem
1202 3569 1348 3636 civitatis

294 3673 312 3706 “
335 3667 590 3747 Londoniarum,
624 3673 660 3735 et
690 3667 732 3734 de
761 3667 952 3754 hujusmodi
985 3669 1212 3737 ministrorum
1243 3676 1349 3738 truns-

292 3775 312 3806 “
333 3769 556 3858 gressionibus
578 3777 613 3837 et
636 3770 765 3836 delictis
785 3769 955 3856 justitiam
985 3770 1089 3837 facere
1116 3777 1150 3838 et
1172 3773 1327 3840 exhibere
1339 3801 1347 3856 ;

293 3877 311 3909 ‘⁸
334 3877 369 3938 et
383 3873 473 3958 quod
498 3872 649 3958 Majores,
677 3872 904 3952 AIdermanni,
933 3879 968 3940 et
994 3873 1210 3942 Vicecomites
1233 3881 1268 3942 et
1289 3877 1348 3942 alii

293 3981 313 4010 “
334 3975 487 4054 ministri,
520 3994 580 4062 pro
611 3976 755 4042 tuitione
790 3977 825 4041 et
854 3975 1043 4043 defensione
1069 3978 1175 4065 plebis
1203 3979 1240 4043 in
1265 4002 1349 4067 prae·

292 4085 311 4113 “
335 4077 432 4142 dictis
455 4077 593 4143 civitate
616 4082 650 4144 et
676 4078 833 4144 libertate
856 4079 1030 4158 manentis,
1054 4085 1089 4146 et
1111 4081 1260 4164 aliorum,
1276 4088 1348 4170 tam

292 4180 596 4266 “alienigenarum
630 4203 728 4266 quam
759 4180 991 4268 indigenarum
1028 4183 1072 4247 ad
1108 4183 1231 4250 dictam
1266 4186 1346 4252 civi-

293 4287 311 4318 “
332 4287 437 4348 tatem
477 4283 691 4360 venientium,
733 4283 886 4369 deputati
916 4287 996 4348 sunt
1032 4285 1176 4351 ministri
1211 4287 1347 4355 Domini

292 4393 312 4420 “
336 4383 442 4472 Regis.
490 4383 553 4451 Per
575 4385 672 4472 quod,
700 4385 740 4450 de
762 4385 857 4451 factis
880 4391 915 4452 et
944 4389 1258 4475 transgressionibus
1280 4392 1348 4458 suis

292 4487 475 4574 “propriis
499 4508 566 4552 non
591 4487 690 4552 debet
710 4487 834 4572 inquiri
860 4509 919 4574 per
945 4487 1032 4575 ipsos
1057 4489 1218 4577 Majorem
1241 4498 1275 4559 et
1290 4495 1349 4560 Al-

294 4597 312 4625 “
335 4589 543 4656 dormannos.
592 4589 680 4655 Item
711 4590 870 4655 dixerunt
891 4589 1078 4657 Justiciarii
1101 4595 1235 4676 adhoc,
1260 4597 1348 4683 quod

295 4697 313 4726 “
337 4691 444 4776 Major
466 4696 501 4757 et
524 4691 743 4758 Aldermanni
775 4691 920 4758 clamant
954 4692 1043 4779 quod
1066 4694 1130 4781 ipsi
1154 4696 1276 4763 debent
1297 4720 1347 4764 re-

295 4801 313 4828 “
335 4795 494 4881 spondere
515 4793 559 4859 ad
581 4793 747 4860 Articulos
770 4793 810 4860 de
838 4793 963 4860 Itinere
985 4795 1251 4865 Justiciariorum
1275 4800 1348 4866 abs·
