3600 5822
389 897 556 949 suasinus
577 897 651 948 mn
672 897 811 948 nascas
834 897 934 948 sinen
956 897 1025 948 usn
1047 895 1130 948 msc
1152 897 1239 948 una
1285 884 1351 950 293

341 1085 500 1173 Tempore
530 1085 677 1164 istorum,
709 1089 844 1171 captum
874 1087 926 1150 est
955 1106 1014 1170 per
1050 1107 1105 1150 eos
1134 1084 1352 1151 vicecomites

296 1189 517 1268 theoloneum,
548 1190 584 1253 et
612 1186 824 1266 consuetudo,
856 1189 890 1252 et
921 1186 1111 1273 stollagium
1143 1185 1184 1252 de
1214 1185 1349 1264 civibus,

296 1291 382 1356 sicut
407 1290 449 1356 de
471 1287 649 1356 fo1insecia
697 1289 768 1354 Isto
790 1309 879 1354 anno
903 1285 1088 1354 Nicholaus
1110 1288 1152 1354 de
1176 1288 1352 1354 Famdone

233 1383 237 1391 ¹
296 1393 403 1479 primo
425 1391 698 1460 Ammoneo.

341 1493 455 1560 XXII.
480 1493 646 1560 Robertus
669 1493 709 1558 de
733 1490 903 1571 Rokeslee,
923 1491 1045 1578 junior,
1070 1491 1244 1572 cordesius,
1262 1492 1351 1558 Mar-

296 1597 388 1661 tinus
409 1596 450 1662 de
473 1594 717 1661 Aumbresberi.

343 1695 415 1762 Isto
444 1718 541 1775 anno,
573 1696 609 1761 in
646 1695 815 1782 quindena
853 1694 970 1761 Sancti
1012 1695 1153 1761 Martini
1191 1696 1352 1762 sedebant

295 1799 319 1864 J
320 1797 481 1864 euticiani
502 1799 696 1864 itinerantes
720 1801 817 1862 extre
833 1795 1030 1877 Londonias,
1047 1797 1089 1862 ad
1106 1797 1243 1863 Crucem
1266 1797 1350 1886 lapi-

297 1900 393 1966 deam
421 1901 459 1966 in
488 1901 585 1968 domo
608 1899 763 1986 Episcopi
787 1898 977 1967 Ooventriae
1003 1898 1041 1964 in
1067 1898 1239 1966 Comitatu
1263 1899 1350 1966 Mid-

297 2002 458 2070 delsexiae.

341 2105 476 2171 XXIII.
499 2103 664 2170 Hemicus
687 2103 769 2182 Box,
794 2101 913 2169 Petrus
936 2103 977 2168 de
1001 2101 1201 2170 Glouecstre.

342 2205 498 2274 XXIIII.
520 2206 690 2274 Iohannes
713 2206 754 2272 dc
782 2206 975 2292 Dunstaple,
999 2204 1109 2271 Adam
1132 2206 1173 2273 de
1189 2205 1352 2296 Hallyng-

297 2310 381 2376 buri

341 2411 513 2478 Johaunes
534 2411 565 2478 le
580 2411 730 2478 Bretoun
755 2409 874 2476 Oastoe
898 2408 1145 2477 Isondoniaium
1178 2411 1352 2477 constitui-

296 2519 354 2581 tur
375 2535 435 2602 pro
450 2513 549 2600 Rege,
565 2517 677 2580 amoto
694 2511 869 2599 Radulpho
884 2512 925 2578 de
941 2512 1138 2594 Sandwico;
1160 2519 1196 2580 et
1217 2515 1253 2579 in
1267 2537 1353 2580 cras·

297 2617 370 2683 tino
393 2615 509 2682 Sancti
532 2615 694 2682 Barnabae
716 2613 857 2681 redditae
878 2613 1015 2681 fuerunt
1037 2614 1218 2683 Londoniis
1240 2638 1354 2682 omnes

297 2741 409 2785 eorum
432 2719 612 2798 libertates,
635 2723 774 2804 excepto
796 2716 974 2804 Majoratu.

342 2820 448 2887 XXV.
471 2821 613 2886 Thomas
634 2819 677 2886 de
692 2817 851 2900 Suffolke,
875 2819 986 2885 Adam
1008 2820 1049 2887 de
1065 2819 1234 2887 Fuleham.

342 2921 469 2988 XXVI.
491 2922 515 2989 J
517 2921 664 2988 ohannes
679 2921 720 2987 dc
736 2920 951 3002 Storteforde,
968 2921 1155 2990 Willelmus
1170 2924 1211 2990 de
1226 2923 1353 2990 Storte·
1387 2927 1496 2975 W·-

295 3026 394 3091 forde

341 3124 487 3192 XXVII.
512 3124 671 3192 Richerus
695 3125 735 3190 de
754 3123 912 3204 Rsfham,
928 3123 1072 3190 Thomas
1095 3125 1173 3192 Seli.

336 3228 507 3298 Hemicus
529 3227 559 3293 le
585 3227 721 3316 Weleys
742 3225 860 3312 Major
890 3225 975 3291 eitra
997 3227 1197 3313 quindenam
1220 3228 1354 3296 Pasehae

296 3353 384 3397 anno
398 3331 508 3396 xxvi⁶⁰
522 3329 645 3395 electus
660 3334 718 3408 est,
735 3333 771 3395 et
784 3350 806 3393 a
820 3327 914 3417 Rege
930 3334 1090 3417 receptus.
1137 3329 1220 3396 Fuit
1241 3337 1353 3397 autem

296 3433 338 3498 M
337 3432 412 3519 ajon·
426 3432 469 3498 ab
484 3453 522 3499 eo
536 3435 686 3519 tempore
699 3453 805 3518 usquc
820 3429 942 3496 festum
956 3431 1192 3518 Apostolorum
1208 3433 1354 3500 Simonis

295 3541 330 3602 et
352 3536 376 3601 J
378 3535 461 3616 udae,
479 3540 514 3601 et
535 3538 652 3624 postea
673 3556 732 3622 per
753 3555 859 3598 unum
882 3554 1008 3598 annum
1031 3535 1182 3622 proximo
1204 3558 1352 3623 sequens.

338 3636 505 3726 XXVIII.
526 3636 551 3702 J
552 3638 699 3704 ohannes
718 3636 759 3702 de
777 3635 991 3714 Armentiers,
1016 3635 1181 3706 Henricus
1202 3638 1244 3704 de
1260 3637 1349 3727 Fyn·

295 3762 469 3908 grlXXIX
493 3841 599 3906 Lucas
621 3840 662 3906 de
678 3839 891 3927 Haverynge,
916 3839 1077 3908 Ricardus
1099 3841 1140 3908 de
1164 3840 1334 3932 Oaumpes.

341 3943 432 4009 Elias
456 3942 572 4009 Russel
594 3940 711 4027 Major
732 3963 790 4030 per
812 3942 895 4008 duos
916 3963 1027 4008 annos.

341 4045 449 4111 XXX
472 4043 638 4110 Robertus
659 4043 690 4110 lc
713 4043 882 4125 Cullerere,
906 4043 1023 4110 Petrus
1047 4045 1087 4112 de
1103 4045 1263 4114 Bosenho.

341 4146 467 4212 XXXI.
491 4146 594 4232 Hugo
609 4144 741 4227 Pourte,
765 4143 882 4212 Simon
905 4146 946 4212 de
968 4145 1081 4234 Pouys.

342 4247 490 4314 XXXII.
513 4246 699 4314 Willelmus
723 4247 765 4313 de
787 4246 1077 4338 Goumbemamyu,
1111 4249 1280 4318 Iohannes
1310 4252 1352 4318 de

297 4349 512 4520 BOXXXXII.
538 4451 687 4538 Rogemus
710 4451 751 4518 dc
767 4451 881 4539 Parys,
905 4452 1076 4520 Johannes
1099 4454 1141 4522 de
1156 4455 1321 4526 Lincolne.

342 4553 530 4622 XXXIIII.
550 4553 737 4620 Willelmus
769 4554 889 4642 oosyn,
930 4555 1134 4642 Reginaldus
1165 4559 1207 4626 de
1235 4559 1351 4628 Thun-

297 4657 482 4826 derIlIeXXV.
506 4757 676 4826 Galfiidus
698 4758 740 4825 ds
763 4757 948 4842 Conductu,
973 4759 1089 4828 Simon
1111 4761 1216 4831 Bolet
