3600 5822
467 851 531 914 248
800 865 904 914 mmm
926 863 1172 916 compsinum
1363 851 1398 937 [5
1411 867 1480 919 me
1497 867 1522 925 1.

326 1215 431 1261 mnes
723 1197 727 1208 '
768 1197 913 1284 [osores
927 1199 1219 1288 heptachordi]

301 1398 434 1462 emtam
516 1387 534 1416 “
558 1381 726 1460 Ricerdus,
751 1381 816 1448 Dei
846 1384 962 1470 gratia,
988 1383 1061 1449 Rex
1084 1382 1225 1470 Angliae,
1249 1381 1330 1446 Dux
1354 1380 1520 1446 Noumen-

302 1449 433 1592 giihi'ss
471 1488 490 1519 “
512 1483 585 1563 nise,
609 1484 835 1569 Aquitenniee,
860 1486 977 1552 Comes
1014 1485 1227 1572 Andegcvioe,
1251 1482 1520 1570 Auchiepiscopis,

300 1555 433 1648 diutim
471 1591 490 1620 ⁴·
513 1585 690 1672 Episcopis,
714 1587 910 1666 obsessus,
937 1587 1131 1669 comitibus,
1156 1585 1350 1666 Beronibus,
1366 1584 1522 1650 suassa-

469 1693 489 1725 “
511 1688 578 1769 n'is,
588 1688 850 1769 Vicecomitibus,
872 1689 1042 1770 ministris,
1060 1695 1095 1756 et
1110 1689 1262 1756 omnibus
1277 1687 1429 1753 fidelibus
1444 1687 1520 1764 suis,

472 1789 648 1856 “Francis
677 1796 713 1856 et
738 1791 864 1880 Anglis,
899 1791 1004 1858 totius
1039 1791 1181 1879 Angliae,
1212 1789 1359 1856 salutem.
1404 1789 1525 1854 Sciatis

472 1901 490 1926 “
512 1913 572 1958 nos
594 1892 786 1960 concessisse
835 1894 964 1960 civibus
1003 1894 1126 1960 nostris
1156 1892 1410 1972 Londonierum,
1434 1893 1523 1977 quod

471 2003 490 2029 ‘¹
511 1995 621 2060 nullus
636 2017 748 2061 eorum
763 1995 900 2082 placitet
925 2001 1022 2062 extre
1037 2017 1149 2062 muros
1170 1995 1319 2060 civitatis
1336 1991 1522 2059 Londonio-

470 2103 488 2132 “
510 2119 583 2162 rum
619 2099 660 2164 dc
691 2097 759 2164 ullo
785 2099 917 2186 placito,
941 2103 1062 2186 praeter
1092 2097 1278 2186 plenitude
1313 2096 1440 2162 tenuris
1465 2118 1523 2161 ex-

469 2207 489 2236 “
511 2199 694 2280 tenoribus,
719 2202 866 2288 exceptis
903 2202 1096 2267 monetariis
1129 2206 1163 2267 et
1196 2199 1360 2265 ministm's
1393 2199 1521 2264 nostris.

469 2310 488 2337 “
511 2301 737 2370 concessimus
761 2304 862 2370 ctiam
887 2304 935 2370 eis
959 2304 1181 2391 quietancism
1203 2300 1339 2380 murdri,
1358 2300 1447 2366 infra
1466 2323 1521 2365 ur-

468 2416 487 2446 “
510 2409 587 2474 bem
610 2415 645 2476 et
674 2409 710 2475 in
741 2410 924 2491 Portsoke3
956 2415 991 2476 et
1022 2410 1111 2497 quod
1141 2409 1251 2475 nullus
1275 2429 1389 2474 eorum
1417 2407 1519 2472 faciat

469 2519 487 2545 ‘¹
510 2511 656 2576 duellum
674 2537 682 2594 3
705 2517 740 2577 et
755 2513 843 2598 quod
858 2513 899 2578 de
914 2512 1042 2600 placitis
1053 2513 1096 2577 ed
1111 2533 1263 2606 corone-m
1279 2509 1523 2597 pertinentibus

470 2619 487 2646 “
509 2633 544 2677 se
563 2613 692 2699 possint
714 2613 932 2679 disrationme
948 2613 1127 2680 secundum
1148 2613 1322 2698 antiquam
1351 2617 1523 2677 consuetu·

470 2719 488 2746 “
511 2713 621 2778 dinem
643 2713 791 2779 civitatis
803 2738 812 2795 ;
835 2720 869 2779 et
892 2717 981 2800 quod
1007 2714 1095 2779 infre
1124 2735 1235 2780 muros
1257 2713 1403 2778 civitatis
1427 2734 1524 2779 nemo

470 2826 488 2853 “
511 2819 621 2905 capiet
635 2819 818 2907 hospitium
839 2821 983 2908 pervim
998 2821 1054 2886 vel
1068 2842 1128 2907 per
1142 2819 1375 2885 liberationem
1399 2819 1523 2884 Mares-

470 2927 487 2957 “
510 2920 593 2986 culli
640 2920 715 2989 Hoc
738 2922 840 2988 etiem
865 2923 912 2988 eis
936 2922 1163 3004 concessimus,
1181 2923 1269 3008 quod
1296 2943 1410 2990 omnes
1435 2923 1523 2988 cives

470 3031 488 3058 “
511 3023 759 3090 Londonierum
782 3023 851 3092 sint
875 3026 981 3110 quieti
1001 3025 1043 3092 de
1067 3025 1236 3091 theolonio
1252 3029 1287 3091 et
1303 3025 1450 3112 lestagio,
1466 3045 1524 3111 per

470 3133 487 3162 ‘¹
509 3130 616 3193 totam
638 3125 796 3214 Anglinm
820 3133 856 3194 et
877 3149 936 3215 per
950 3132 1066 3214 portus
1091 3128 1216 3208 mcris;
1238 3131 1273 3194 et
1297 3125 1385 3213 quod
1413 3127 1524 3192 nullus

469 3235 487 3266 “
510 3227 551 3296 de
566 3229 788 3296 misericordie
797 3230 944 3318 pecuniae
951 3229 1129 3317 judicetur,
1145 3228 1211 3294 nisi
1226 3229 1406 3296 secundum
1417 3228 1524 3316 legem

470 3341 488 3369 “
510 3333 657 3400 civitatis
696 3355 797 3420 quem
834 3332 1024 3398 hebuerumt
1059 3337 1207 3420 tempore
1239 3330 1340 3418 Regis
1375 3330 1523 3410 Henrici,

469 3442 489 3472 ‘⁴
510 3435 568 3502 ovi
595 3435 742 3518 Henrici‚
777 3435 882 3522 petris
911 3435 1041 3516 nostri3
1073 3439 1108 3502 et
1146 3434 1234 3521 quod
1258 3434 1295 3499 in
1325 3433 1462 3500 civitate
1487 3434 1525 3498 in

469 3545 489 3575 “
511 3537 601 3602 nullo
628 3537 750 3624 plcoito
780 3537 826 3602 sit
850 3536 1090 3624 Miskenninge
1102 3560 1111 3617 3
1137 3541 1172 3602 et
1195 3536 1284 3622 quod
1311 3535 1524 3624 Hustengum

470 3647 488 3674 “
510 3640 611 3705 semel
630 3644 765 3706 tentum
788 3639 824 3704 in
839 3638 1046 3704 hebdomada
1061 3644 1236 3719 teneatur;
1259 3643 1294 3705 et
1316 3639 1405 3726 quod
1420 3644 1526 3705 terras

470 3749 488 3779 “
511 3763 595 3821 sues,
618 3747 654 3808 et
676 3747 817 3822 tenurae,
835 3746 870 3807 et
886 3741 1085 3820 vadimonis,
1103 3746 1138 3808 ct
1163 3740 1277 3808 debite
1294 3741 1414 3822 omnic,
1433 3741 1524 3829 juste

470 3852 488 3880 “
509 3843 662 3924 habeant,
695 3845 882 3930 quicunque
904 3843 952 3909 eis
978 3843 1121 3925 debeet3
1144 3849 1178 3910 et
1204 3843 1246 3910 de
1270 3843 1367 3910 terrie
1391 3844 1460 3909 suis
1489 3848 1526 3910 et

470 3955 488 3982 “
510 3947 646 4025 tenuris,
671 3968 745 4033 quse
772 3945 860 4010 inim
884 3945 1000 4011 urbem
1027 3950 1113 4025 sunt,
1146 3951 1273 4013 rectum
1300 3945 1348 4012 eis
1362 3950 1522 4012 teneatur

470 4056 489 4084 ‘¹
511 4047 689 4114 seeundum
725 4048 999 4114 consuetudinem
1030 4048 1196 4128 civitatis3
1232 4053 1266 4114 et
1295 4049 1338 4114 de
1369 4048 1522 4114 omnibus

470 4157 488 4186 “
510 4149 632 4216 debitis
646 4149 715 4216 suis
730 4171 805 4237 quae
827 4150 1072 4218 accommodato
1087 4149 1212 4216 fuerint
1227 4149 1314 4238 apud
1327 4151 1524 4230 Londoniss,

471 4259 488 4288 “
511 4256 546 4318 et
575 4251 618 4318 de
647 4251 847 4318 vadimoniis
869 4252 993 4319 ibidem
1022 4252 1127 4330 foetis,
1159 4253 1281 4340 placite
1310 4253 1399 4340 opud
1431 4253 1519 4319 Lon-

471 4362 489 4390 “
512 4355 627 4421 donias
654 4359 839 4422 teneantur.
886 4355 933 4420 Et
954 4355 1084 4442 siquis,
1108 4356 1146 4420 in
1160 4360 1233 4422 toto.
1247 4355 1380 4443 Anglie,
1397 4355 1523 4421 theolo-

473 4465 491 4492 “
513 4457 606 4522 nium
632 4455 687 4521 vel
714 4453 986 4522 consuetudinem
1011 4456 1054 4522 ab
1069 4456 1261 4523 hominibus
1277 4457 1523 4523 Londonierum

473 4567 491 4594 “
513 4558 643 4646 ceperit,
667 4565 843 4646 postquem
867 4558 937 4646 ipse
969 4580 991 4624 o
1022 4563 1114 4625 recto
1145 4559 1309 4638 defecerit,
1337 4559 1525 4625 Vicecomes

473 4669 491 4695 “
514 4659 759 4727 Londoniouum
787 4660 936 4727 namium
966 4661 1044 4728 inde
1074 4660 1164 4747 apud
1188 4661 1377 4728 Londonioe
1406 4662 1524 4750 capiet.

472 4770 490 4798 “
514 4759 731 4830 concedimus
757 4762 859 4831 etism
886 4763 940 4844 eis,
958 4763 1046 4851 quod
1068 4761 1214 4831 habeant
1237 4763 1422 4853 fugationes
1445 4786 1522 4832 sues
