3462 5836
500 815 565 882 432
840 825 943 874 mnne
965 821 1211 874 cusmumuu.
1333 804 1394 891 [14
1411 817 1502 868 unu.
1520 815 1560 864 m

500 1021 519 1052 “
544 1013 630 1078 idem
661 1030 800 1099 regnum
822 1029 889 1074 non
913 1007 1038 1086 fierent,
1063 1007 1117 1072 vel
1139 1006 1226 1072 infru
1248 1006 1393 1072 eundem
1416 1027 1562 1093 regnum

503 1125 520 1152 “
544 1137 587 1180 ex
610 1112 743 1179 aliunde
758 1131 824 1176 non
839 1115 1059 1196 portarentur,
1076 1131 1136 1174 neo
1157 1109 1194 1174 in
1208 1109 1323 1174 eodem
1338 1129 1443 1194 regno
1459 1109 1563 1174 vendi

504 1225 521 1254 “
546 1220 687 1304 possent,
711 1214 772 1280 hoc
795 1216 880 1278 esset
902 1212 946 1277 ed
968 1209 1127 1296 majorem
1152 1210 1327 1276 karistiam
1351 1209 1564 1296 ospellomm

503 1319 763 1385 “emendorum
838 1313 924 1396 Quis
964 1319 1076 1379 tumen
1116 1312 1295 1398 Inquisitio
1336 1311 1397 1376 illo
1436 1311 1564 1378 dilecto

503 1431 519 1458 “
544 1421 669 1488 Olerieo
706 1423 829 1495 nostro,
865 1415 1032 1481 Willelmo
1071 1415 1111 1480 de
1150 1415 1381 1500 Ayremynne,
1417 1412 1563 1480 Custodi

503 1535 520 1560 ‘¹
545 1522 741 1588 Rutulorum
765 1517 978 1586 Concelleriee
1002 1521 1133 1595 nostrae,
1157 1516 1299 1582 liberate
1328 1514 1401 1592 fuit,
1425 1523 1464 1582 et
1486 1538 1563 1581 eum

504 1637 520 1661 ‘¹
544 1625 587 1690 nd
612 1645 764 1712 praesens,
797 1624 931 1708 propter
962 1619 1145 1684 absentiam
1179 1617 1284 1705 ipsius
1318 1617 1488 1696 Willelmi,
1527 1619 1561 1683 in

505 1737 521 1762 “
545 1725 679 1792 remotis
694 1724 833 1810 egentis,
846 1743 914 1788 non
929 1721 1097 1799 hebemus,
1110 1721 1205 1785 vobis
1219 1719 1563 1796 mittendam-Nos,

505 1841 521 1866 “
548 1827 695 1894 volentes
718 1825 806 1912 quod
830 1823 962 1910 justum
985 1829 1020 1888 et
1035 1845 1215 1888 consonum
1230 1822 1352 1888 rationi
1368 1823 1470 1888 fuerit
1486 1823 1563 1887 fieri

506 1943 523 1968 ‘⁴
546 1933 581 1997 in
603 1931 665 1995 hee
687 1933 790 2016 perte,
806 1926 902 1992 vobis
924 1926 1128 2004 mandemus,
1144 1925 1233 2012 quod
1248 1925 1434 1991 convocatis
1450 1947 1565 1991 eorem

507 2045 523 2070 “
547 2033 643 2098 vobis
665 2029 846 2118 eupelleriis
876 2027 1051 2114 praedietis,
1076 2034 1111 2094 et
1145 2027 1220 2107 aliis
1243 2049 1325 2113 quos
1345 2027 1503 2092 videritis
1528 2029 1566 2092 in

508 2145 524 2171 “
547 2135 608 2198 hoe
639 2138 732 2219 porte
755 2131 825 2196 fore
847 2131 1040 2208 evoeendos,
1064 2136 1099 2195 et
1116 2129 1239 2196 auditis
1259 2129 1429 2194 hincinde
1445 2151 1565 2194 eorum

507 2247 523 2272 ‘¹
547 2235 737 2312 rationibus,
755 2233 909 2318 dictoque
925 2233 1058 2320 negotio
1074 2231 1203 2317 plenius
1225 2231 1417 2297 examinato
1432 2237 1469 2298 et
1495 2232 1566 2296 d‘ns-

508 2349 524 2374 “
548 2359 648 2416 cesso,
666 2335 895 2422 inquisitoque,
919 2335 948 2399 si
971 2355 1099 2400 neeesse
1129 2334 1238 2415 fuerit,
1262 2355 1359 2418 super
1381 2333 1567 2418 praemissis

509 2447 584 2507 “et
616 2437 763 2504 articulis
792 2437 961 2524 praemisse
1002 2436 1216 2522 tangentibus
1247 2435 1377 2521 plenius
1407 2436 1565 2512 veritate,

509 2552 525 2576 ‘¹
548 2541 688 2606 ulterius
723 2540 801 2604 inde
832 2536 962 2602 societis
992 2537 1080 2622 quod
1111 2559 1170 2623 pro
1214 2537 1379 2602 communi
1412 2537 1567 2602 utilitate

508 2653 525 2678 “
548 2641 661 2729 populi
692 2640 787 2726 regni
815 2638 921 2705 nostri
952 2638 1022 2704 fore
1045 2637 1196 2703 videritis
1225 2638 1420 2704 foeiendum,
1467 2639 1567 2704 Teste

508 2754 525 2780 “
549 2743 680 2828 meipso,
712 2741 800 2827 apud
831 2740 1172 2818 westmonasterium,
1195 2754 1259 2804 xx⁰
1290 2739 1345 2804 die
1377 2739 1566 2819 Februarii,

509 2855 525 2882 “
549 2865 636 2911 enno
659 2843 753 2930 regni
777 2841 882 2908 nostri
898 2841 1018 2906 xiiii0.''

553 2947 647 3012 Idem
670 2945 772 3012 etiam
796 2944 960 3011 Dominus
984 2943 1058 3009 Rex
1083 2943 1259 3009 mandevit
1285 2944 1490 3010 Justieieriis
1512 2945 1570 3010 hic

507 3052 607 3118 breve
633 3071 739 3129 suum,
767 3047 803 3112 in
827 3045 897 3112 heee
919 3046 1021 3110 verbo
1036 3070 1089 3110 :-

556 3161 572 3188 “
596 3150 789 3231 Edwardus,
817 3147 881 3212 Dei
907 3148 1023 3234 gretia,
1047 3145 1145 3213 ete.”¹

351 3425 472 3478 neoto.
509 3413 559 3478 De
582 3408 826 3496 rovoretum
844 3407 1062 3495 presentatio
1085 3429 1189 3494 supet
1203 3405 1384 3474 Deounum
1406 3415 1436 3474 ee
1462 3409 1575 3496 Capi-

593 3511 708 3580 tulum
731 3509 887 3578 Ecclesice
909 3509 1032 3576 Sutteti
1055 3509 1166 3576 Pauli
1188 3509 1486 3578 umentorum?

902 3713 1167 3722 ----——-—-

548 3941 553 3970 ¹
567 3939 631 3990 This
639 3940 708 3992 Writ
719 3941 740 3990 is
751 3941 847 4006 merely
858 3955 874 3990 a
884 3941 1017 4004 repetition
1062 3941 1176 3992 columns
1192 3955 1225 3990 on
1244 3941 1295 3991 this
1311 3941 1416 4005 subject,
1427 3941 1473 3992 the
1485 3945 1578 3995 writer

512 4019 543 4066 os
554 4019 609 4070 thet
625 4021 674 4069 lest
688 4019 772 4084 given,
785 4019 847 4070 with
859 4035 906 4070 one
923 4035 951 4068 or
968 4029 1018 4069 two
1062 4035 1142 4070 seems
1153 4027 1179 4070 to
1191 4019 1256 4070 here
1266 4019 1348 4069 called
1358 4027 1385 4070 to
1397 4021 1471 4070 mind
1483 4023 1544 4073 that
1556 4025 1576 4073 it

513 4098 752 4149 verbelvaristious.
787 4099 812 4148 It
820 4098 942 4163 suddenly
951 4106 1018 4163 steps
1062 4099 1181 4149 hasbeen
1192 4099 1302 4149 inserted
1312 4099 1478 4165 slreed55he
1487 4101 1577 4153 there-

513 4185 540 4228 et
550 4176 594 4226 the
605 4178 687 4228 words
698 4178 768 4242 infra
780 4177 841 4227 idem
853 4193 949 4242 reputem
961 4194 1018 4227 ven·
1063 4179 1115 4228 sore
1132 4185 1200 4242 stopo
1222 4178 1293 4228 short
1311 4186 1339 4230 et
1355 4177 1388 4227 alo
1408 4195 1504 4229 aurem
1523 4182 1579 4232 diei

513 4255 578 4316 dere,
589 4257 639 4306 end
650 4256 693 4306 the
704 4273 767 4321 page
778 4257 800 4307 is
812 4257 856 4307 lest
868 4255 1017 4307 unfluished.
1062 4273 1137 4320 usque
1148 4255 1183 4306 ad
1192 4265 1289 4317 noctem,
1298 4258 1325 4307 in
1333 4257 1377 4308 the
1385 4257 1484 4310 middle
1492 4261 1524 4310 of
1530 4263 1579 4312 the

548 4336 646 4385 ²Atler
663 4335 773 4401 copying
791 4337 906 4399 upwsrds
922 4335 953 4384 of
964 4335 1020 4386 four
1063 4345 1187 4387 sentence.
1204 4337 1251 4388 See
1262 4353 1302 4402 pp.
1315 4343 1364 4388 ³3⁸
1376 4338 1428 4388 sud
1444 4345 1496 4389 342
1508 4349 1577 4391 aste.

894 4623 966 4672 END
988 4623 1032 4672 OF
1054 4623 1142 4672 PART
1165 4623 1186 4672 1.
