3624 5824
207 2632 211 2638 .
302 2571 458 2619 forthomme.

471 840 537 906 146
784 853 888 902 mmm
909 848 1154 903 ousrununum
1336 831 1373 919 [7
1387 849 1473 902 now.
1484 851 1522 900 11.

470 1037 639 1103 morandis
670 1035 751 1102 anni
786 1036 884 1118 sexti,
907 1037 1049 1102 termino
1072 1034 1205 1102 Sanctae
1226 1033 1409 1112 Trinitatis,
1433 1035 1522 1102 inter

470 1140 605 1206 recorula
627 1139 846 1220 irrotulatom
871 1143 906 1205 et
935 1137 1084 1225 perduc
1111 1137 1228 1204 brevia
1251 1137 1358 1224 Regis,
1387 1139 1518 1205 tenenti

469 1242 577 1308 locum
600 1240 808 1307 Thesaurarii
842 1246 878 1306 et
910 1240 1096 1305 Batonibus
1129 1239 1208 1304 inde
1230 1239 1364 1320 directa,
1396 1244 1431 1305 et
1464 1262 1521 1327 per

471 1343 642 1409 consilium
676 1343 846 1408 Beronum
876 1342 954 1409 inde
976 1343 1121 1422 factam
1148 1341 1235 1406 sicut
1261 1341 1453 1407 continetur
1483 1343 1519 1406 in

469 1445 636 1532 praedictis
666 1444 891 1511 Memorandis
922 1445 1005 1510 anni
1042 1444 1139 1524 sexti,
1170 1443 1314 1509 termino
1352 1443 1517 1531 praedicto.

470 1547 517 1614 Et
534 1549 657 1616 debent
680 1547 740 1612 xlv
762 1547 890 1626 solidos,
915 1552 951 1612 et
973 1546 1039 1612 crit
1061 1545 1164 1612 firma

515 1858 735 1926 momorum
756 1857 800 1924 im
830 1857 1072 1926 nmorando
1094 1857 1189 1926 aaut
1211 1858 1302 1939 scoti,
1327 1858 1475 1926 mmmmm

473 2039 480 2050 ,
896 1959 1091 2028 ramucio.

301 2117 439 2162 mamona
518 2108 535 2136 “
558 2099 726 2166 Martinus
742 2097 900 2177 Shenche,
916 2098 1106 2165 balistarius
1122 2099 1223 2187 Regis
1238 2100 1386 2180 Henrici,
1401 2100 1451 2164 xii
1465 2100 1520 2168 de-

302 2168 438 2282 ffliqli'r
472 2209 490 2238 “
512 2204 622 2269 narios
632 2225 691 2290 per
705 2223 839 2283 annum,
849 2201 1004 2269 videlicet
1018 2224 1076 2269 sex
1092 2202 1243 2270 denarios
1258 2204 1301 2268 ad
1317 2203 1520 2269 Scaccarium

200 2307 204 2316 “
301 2270 456 2425 ffiffi
472 2313 491 2342 “
513 2304 655 2388 Paschae,
691 2309 727 2371 et
757 2327 816 2371 sex
836 2305 988 2371 denarios
1012 2306 1056 2370 ad
1086 2304 1290 2371 Scaccarium
1312 2305 1427 2372 Sancti
1458 2306 1520 2370 Mi-

300 2419 459 2576 {altitu
473 2519 490 2546 «
514 2408 1521 2598 ttttrtltlltllltltltltltstal

472 2619 490 2648 “
513 2612 651 2678 devenit
672 2613 709 2675 in
733 2634 869 2677 manum
892 2613 1044 2699 praedicti
1069 2613 1170 2701 Regis
1191 2613 1336 2692 Henrici,
1361 2618 1521 2700 tanquam

471 2721 490 2749 “
512 2717 640 2780 escaeta
665 2713 770 2800 ipsius
793 2713 895 2800 Regis
911 2715 1056 2792 Hemici,
1072 2720 1148 2802 post
1169 2719 1310 2780 mortem
1334 2713 1437 2797 Isaac,
1460 2715 1521 2780 filii

471 2823 489 2852 “
511 2816 666 2894 Abrahae,
677 2815 788 2880 ludaei
802 2840 811 2896 ;
827 2821 862 2882 et
878 2817 918 2882 de
934 2839 1000 2903 qua
1014 2817 1102 2882 idem
1113 2817 1188 2882 Rex
1204 2815 1368 2883 Henricus
1384 2818 1466 2883 emit
1481 2817 1520 2883 de

472 2925 490 2954 “
513 2917 536 2982 J
538 2939 621 2997 oceo,
640 2917 759 3004 Diaya,
776 2923 811 2982 et
827 2917 988 2998 Samuele,
1005 2917 1165 2984 fratribus
1180 2918 1330 3004 praedicti
1342 2919 1443 2999 Isaac,
1460 2919 1485 2984 J
1485 2941 1522 2984 u-

472 3027 489 3056 “
512 3021 583 3100 daei,
595 3019 605 3056 ¹
616 3024 769 3086 tenentes
780 3042 838 3107 per
852 3021 1028 3108 praedictos
1037 3020 1092 3085 xii
1107 3021 1260 3086 denarios
1274 3043 1400 3087 annuos
1416 3022 1521 3087 eidem

471 3129 490 3158 “
513 3121 660 3188 Martino
683 3127 718 3188 et
739 3123 926 3188 haeredibus
950 3123 1026 3202 suis,
1044 3147 1065 3188 a
1080 3128 1175 3188 sexto
1192 3122 1246 3188 die
1262 3123 1414 3189 Octobris
1433 3145 1520 3188 anno

472 3231 491 3258 “
511 3226 633 3289 xxxvl⁰
649 3224 731 3290 dicti
755 3225 857 3310 Regis
880 3224 1027 3304 Henrici‚
1045 3224 1086 3290 de
1102 3223 1247 3289 Domino
1263 3225 1354 3312 Rogo
1369 3231 1403 3290 et
1419 3225 1520 3291 haere·

471 3326 609 3391 “dibus
632 3327 708 3404 suis,
732 3326 768 3390 in
794 3330 1011 3413 perpetuum
1034 3327 1118 3392 sicut
1141 3327 1328 3392 continetur
1349 3327 1387 3392 in
1408 3329 1522 3393 charta

471 3428 662 3516 “praedicti
695 3429 797 3516 Regis
830 3427 978 3511 Henrici,
1013 3428 1188 3494 irrotulata
1225 3429 1262 3492 in
1299 3429 1521 3496 Memorandis

471 3537 489 3566 “
510 3531 591 3596 anni
613 3531 709 3610 sexti,
735 3532 878 3597 termino
901 3535 1024 3598 sanctae
1055 3531 1229 3596 Trinitatis
1241 3554 1249 3611 ;
1281 3536 1317 3596 et
1347 3534 1521 3620 sexaginta

470 3640 488 3668 “
511 3633 634 3700 solidos
658 3635 698 3698 de
722 3634 839 3708 eadem
855 3632 897 3699 de
921 3635 1097 3720 sexaginta
1118 3634 1214 3699 annis
1237 3633 1442 3719 praeteritis.”

469 3957 573 4030 Breve
589 3959 631 4028 aa
645 3961 899 4029 naucratim
919 3961 1166 4032 Vtcecoou'tucn
1187 3963 1457 4034 Loaclowiurum
1479 3967 1521 4035 dc

729 4085 751 4130 o
772 4064 902 4132 murcie
917 4066 1060 4147 armate,
1075 4088 1170 4134 cauto
1185 4066 1260 4134 viu.

299 4209 453 4304 ξζὲξξοῗρ,
514 4226 533 4256 “
545 4220 816 4303 Edwardus,etc‚
829 4221 1085 4288 vicecomitibus
1100 4221 1360 4305 Londoniarum,
1372 4223 1519 4290 salutem.
1606 4311 1608 4314 Ι

298 4310 445 4406 fflfissffl
468 4327 488 4359 “
512 4322 639 4409 Sciatis,
666 4324 755 4411 quod
778 4326 1031 4391 exoneravimus
1048 4324 1225 4412 Symonem
1242 4325 1283 4391 de
1297 4325 1520 4394 Merewurthe

298 4412 450 4508 {fflffie
469 4435 487 4466 “
510 4431 544 4492 et
554 4427 733 4494 Ricardum
746 4427 787 4493 de
797 4428 1003 4510 Welleforde,
1016 4429 1344 4516 nuperVicecomites
1353 4429 1521 4497 Londoni·

299 4512 384 4559 mun.
469 4535 488 4568 ‘⁴
510 4553 612 4614 arum,
629 4531 671 4598 de
687 4532 833 4620 quinque
844 4531 962 4599 marcis
976 4531 1017 4598 de
1032 4531 1153 4620 quibus
1167 4533 1232 4620 ipsi
1243 4533 1372 4600 onerati
1387 4533 1520 4600 fuerunt

720 4765 825 4819 ’ποτε
844 4763 1049 4834 causamn
1067 4764 1268 4820 omissionhere.
