3600 5822
271 885 313 948 12
329 897 415 950 nnw.
431 882 485 971 11.]
502 899 663 952 cnnnrnn
678 899 950 952 courruulrour
965 902 1009 950 or
1025 901 1173 953 nnwnnn
1189 903 1225 952 11.
1250 890 1314 956 259
1351 862 1361 874 ’

267 1091 288 1124 “
312 1094 320 1123 ‘
334 1088 528 1168 molestiam,
544 1087 644 1154 alicui
658 1087 787 1168 inferat,
804 1089 931 1155 ratione
954 1090 1187 1177 praedictorum
1204 1090 1318 1156 Kidel-

270 1195 289 1224 “
312 1197 320 1226 ‘
335 1189 441 1256 lorum
455 1215 464 1272 ;
487 1190 568 1256 sctis
583 1191 673 1257 enim
687 1191 783 1256 nobis
798 1196 936 1272 constat,
949 1198 984 1257 et
993 1213 1053 1278 per
1061 1193 1175 1258 fideles
1189 1199 1318 1259 nostros

270 1297 287 1328 “
313 1292 431 1358 ‘nobis
468 1291 666 1358 sufficienter
700 1294 816 1359 datum
839 1297 890 1359 est
920 1294 1072 1381 intelligi,
1097 1295 1187 1380 quod
1210 1294 1316 1360 maxi-

270 1397 289 1430 “
314 1399 429 1460 ‘mum
455 1395 693 1462 detrimentum
716 1400 752 1461 et
778 1395 1024 1461 incommodum
1046 1397 1214 1482 proedictee
1237 1397 1316 1462 civi-

270 1502 290 1533 “
313 1499 402 1566 ‘tati
435 1498 691 1578 Londoniarum,
723 1520 851 1566 necnon
889 1503 924 1564 et
951 1503 1025 1564 toto
1062 1519 1164 1587 regno
1193 1505 1316 1579 nostro,

270 1605 289 1636 “
315 1601 504 1668 ‘occasione
549 1601 785 1690 praedictorum
834 1599 1045 1666 Kidellorum
1092 1602 1316 1688 proveniebat.

270 1707 289 1738 “
313 1707 322 1738 ‘
338 1703 444 1786 Quod,
457 1709 498 1770 ut
513 1703 648 1770 firmum
671 1709 705 1770 et
720 1702 839 1768 stabile
854 1707 1042 1788 perseveret
1060 1703 1097 1767 in
1111 1710 1317 1792 perpetuum,

272 1809 291 1838 “
314 1806 508 1892 ‘praesentis
545 1807 676 1895 paginus
713 1804 935 1892 inscriptione,
975 1810 1009 1870 et
1054 1803 1164 1892 Sigilli
1210 1807 1316 1872 nostri

271 1912 290 1944 “
313 1909 551 1996 ‘appositione
584 1908 868 1985 communivimus,
902 1907 990 1972 sicut
1023 1905 1148 1974 Charta
1179 1908 1315 1974 Domini

271 2013 291 2046 “
314 2009 440 2098 ‘Regis
462 2010 634 2090 Johannis,
658 2011 763 2096 patris
785 2008 899 2088 nostri,
924 2030 1024 2093 quam
1040 2009 1185 2076 Berones
1209 2011 1316 2076 nostri

271 2117 290 2146 “
314 2111 584 2179 ‘Londoniarum
610 2112 689 2178 indo
715 2111 850 2190 habent,
884 2111 1127 2178 rationabiliter
1163 2117 1315 2180 testatur.

273 2218 291 2249 “
314 2213 500 2296 ‘Testibus
534 2215 688 2280 Dominis
725 2213 906 2281 Eustochio
944 2213 1177 2294 Londoniensi,
1218 2213 1317 2281 Petro

272 2320 291 2351 ⁴‘
314 2315 582 2401 ‘Wyntoniensi
598 2316 748 2382 Jocelino
772 2315 999 2396 Bathoniensi,
1016 2315 1156 2382 Ricardo
1180 2315 1319 2383 Sarisbi-
1442 2323 1445 2330 “

272 2425 291 2454 “
314 2417 447 2498 ‘riensi
459 2417 631 2505 Episcopis
649 2441 657 2498 ;
674 2416 828 2484 Huberto
844 2419 884 2483 de
900 2417 1020 2504 Burgo,
1033 2417 1162 2484 Comite
1179 2418 1319 2486 Kanciae

273 2527 290 2556 “
314 2525 373 2585 ‘et
401 2519 595 2588 Justiciorio
629 2523 750 2599 nostro,
776 2519 927 2586 Gilberto
968 2521 1008 2585 de
1047 2520 1152 2602 Clare,
1190 2519 1320 2588 Gemite

272 2629 290 2658 ‘¹
316 2621 526 2689 ‘Gloverniae
548 2627 583 2688 et
607 2622 834 2703 Hertfordiee3
873 2621 1048 2709 Radulpho
1071 2622 1140 2688 filio
1156 2623 1319 2704 Nicholni,

270 2732 290 2763 “
314 2725 480 2792 ‘Ricardo
499 2726 704 2814 Argenteim,
721 2724 915 2792 Senescellis
940 2725 1068 2791 nostris.
1117 2725 1241 2792 Datum
1263 2749 1322 2812 per

273 2835 292 2865 “
315 2834 475 2894 ‘manum
504 2827 704 2894 venerabilis
729 2828 834 2914 patris
865 2827 980 2908 nostri,
1010 2827 1187 2916 Radulphi,
1213 2827 1320 2894 Oioes-

273 2936 290 2968 “
315 2930 461 2997 ‘trensis
484 2927 648 3016 Episcopi,
672 2929 762 3015 apud
785 2927 1124 3009 westmonasterium,
1148 2930 1235 2994 xviii
1267 2930 1322 2996 die

273 3041 291 3069 ‘⁴
316 3041 323 3068 ‘
338 3031 521 3111 Februarii,
537 3053 626 3097 anno
640 3031 738 3118 regni
759 3030 866 3096 nostri
880 3031 939 3098 xi0.
987 3031 1197 3118 Inspeximus
1220 3032 1322 3099 etiam

275 3143 292 3172 “
316 3134 509 3212 ‘liberm
529 3155 631 3219 quam
646 3133 817 3212 Dominus,
842 3139 1072 3220 paternoster,
1098 3134 1177 3199 fecit
1192 3135 1321 3202 civibus

274 3245 293 3274 “
317 3235 515 3324 ‘praediotis,
531 3237 568 3300 in
585 3235 656 3300 haec
670 3235 773 3301 verba
785 3235 1013 3316 :-chrious,
1030 3236 1094 3301 Dei
1109 3237 1225 3322 grstia,
1248 3237 1321 3302 Rex

275 3347 294 3378 “
317 3339 478 3426 ‘Angliea
503 3337 665 3403 Dominus
688 3336 868 3417 Hiberniae,
895 3344 929 3404 et
951 3339 1032 3404 Dux
1055 3339 1271 3406 Normennioe
1287 3346 1322 3407 et

274 3451 293 3480 “
317 3440 562 3527 ‘Aquitenniae‚
586 3444 622 3505 et
660 3437 776 3506 Comes
807 3439 1019 3528 Andegavioe,
1052 3441 1319 3531 Archiepiscopis,

274 3551 293 3584 “
317 3521 517 3631 ‘Episcopis
544 3541 742 3621 nubalibus,
763 3543 940 3623 Prioribus,
959 3543 1153 3624 Oomitibus,
1182 3545 1322 3612 Beroni-

274 3655 293 3688 “
317 3656 325 3684 ‘
339 3648 408 3726 bus,
425 3647 448 3714 J
450 3645 634 3726 usticicriis‚
660 3645 832 3726 ministris,
847 3651 882 3712 et
897 3646 1050 3712 omnibus
1069 3647 1223 3714 fidelibus
1244 3651 1320 3732 suis,

274 3759 293 3789 ‘⁴
316 3749 477 3816 ‘Francis
499 3753 534 3815 et
556 3747 683 3834 Anglis
710 3749 858 3814 salutem.
906 3747 1026 3814 Sciatis
1048 3772 1108 3816 nos
1130 3753 1321 3820 concessisse

274 3863 292 3892 “
316 3852 466 3918 ‘civibus
501 3850 623 3916 nostris
656 3848 912 3929 Londoniarum‚
947 3851 1035 3936 quod
1067 3853 1177 3920 nullus
1209 3877 1322 3921 eorum

273 3963 293 3996 “
316 3955 478 4041 ‘placitet
500 3957 597 4018 extra
618 3973 729 4017 munos
751 3953 899 4019 civitatis
923 3953 1169 4020 Londoniarum
1191 3955 1231 4022 de
1253 3959 1322 4024 ullo

274 4067 293 4096 “
317 4055 470 4144 ‘placito
486 4059 607 4142 praeter
623 4055 784 4141 placitum
808 4055 849 4121 de
872 4057 999 4122 tenuris
1022 4058 1246 4138 exterioribus,
1263 4083 1320 4126 ex-

274 4169 292 4200 “
316 4158 442 4246 ‘ceptis
464 4157 657 4224 monetariis
679 4161 715 4223 et
734 4157 897 4224 ministris
918 4159 1050 4225 nostris.
1096 4159 1322 4229 Concessimus

274 4271 293 4302 “
316 4262 441 4328 ‘etium
464 4261 511 4327 eis
534 4259 754 4346 quietanciam
789 4260 917 4325 murdri
940 4259 1029 4326 infra
1050 4262 1164 4327 urbem
1191 4269 1226 4328 et
1241 4264 1320 4331 Por-

273 4373 292 4404 “
315 4363 494 4444 ‘tesokn03
516 4367 551 4428 ct
573 4361 662 4448 quod
693 4361 805 4428 nullus
835 4383 948 4428 eorum
970 4363 1071 4430 faciat
1097 4363 1243 4430 duellum
1255 4392 1263 4448 ;
1287 4375 1321 4436 et

272 4475 292 4507 “
314 4465 427 4554 ‘quod
449 4465 491 4531 de
512 4463 642 4551 placitis
665 4464 709 4529 ad
723 4485 877 4531 coronam
899 4465 1124 4552 spectantibus
1146 4489 1180 4532 se
1193 4471 1321 4555 possint

273 4576 293 4608 “
316 4569 560 4634 ‘disrationare
606 4567 786 4633 secundum
832 4568 1005 4654 antiquam
1050 4571 1321 4641 consuetudinem

272 4676 293 4709 “
315 4671 507 4752 ‘civitatis3
538 4675 574 4736 et
599 4670 688 4756 quod
719 4669 807 4736 infra
837 4693 948 4736 muros
978 4671 1132 4751 civitatis,
1156 4695 1262 4762 neque
1284 4679 1322 4744 in

273 4778 293 4816 ‘¹
316 4771 530 4860 ‘Portesoka
555 4793 652 4842 nemo
674 4773 783 4862 capiat
810 4772 991 4862 hospitium
1013 4795 1072 4864 per
1094 4775 1165 4842 vim
1187 4780 1241 4844 vel
1263 4785 1322 4870 per

1119 4884 1188 4948 132
