3624 5824
467 877 531 941 186
584 875 588 882 '
800 890 902 942 erem
923 889 1166 944 ouemmnun
1325 877 1514 966 [30nnw.1.

464 1079 500 1140 ot
521 1074 545 1140 J
547 1075 685 1140 ohannis
717 1076 759 1140 de
782 1075 1045 1156 Schedeworthe,
1071 1076 1217 1143 tenentis
1245 1077 1353 1144 locum
1376 1078 1512 1144 Domini
1564 1111 1567 1118 ·

385 1269 389 1274 .
463 1174 627 1244 Johennis
649 1178 691 1244 do
713 1177 861 1258 Sendele
887 1179 1044 1246 Oustodis
1068 1178 1198 1246 cambii
1221 1179 1322 1268 Regis
1345 1181 1511 1248 Londoni-

463 1303 568 1362 srnm,
590 1280 685 1348 venit
708 1281 872 1348 Dominus
905 1282 1101 1370 Reduiphus
1133 1284 1174 1350 de
1206 1283 1401 1370 Sandwyoo,
1426 1283 1512 1350 Con-

461 1384 662 1450 stabularius
692 1383 805 1452 Turris
843 1385 1099 1464 Londonierum
1133 1391 1169 1453 et
1205 1387 1393 1474 munuoepit
1425 1387 1512 1473 quod

461 1486 631 1552 Johonnes
675 1488 716 1554 de
747 1487 973 1575 Kyngestone,
1013 1487 1207 1575 Ranuiphus
1245 1490 1286 1556 de
1325 1489 1510 1566 Ohelehnm,

461 1589 631 1656 Johnnnee
652 1595 723 1656 otte
747 1591 873 1669 Doune,
905 1591 1087 1658 Willelnrus
1110 1592 1151 1657 de
1174 1591 1401 1680 Ohiggewelle,
1419 1591 1512 1658 He'n-

461 1694 547 1760 rious
569 1693 610 1759 de
634 1692 864 1781 chiggewene,
887 1698 922 1759 et
945 1693 1107 1760 Bicerdus
1129 1694 1170 1760 de
1194 1693 1393 1774 Gloueestre,
1422 1692 1511 1760 ¹mo-

462 1796 619 1874 noterius,
642 1817 703 1862 neo
725 1797 845 1882 aliquis
868 1797 909 1863 de
931 1796 1027 1864 sociis
1055 1797 1132 1880 suis,
1167 1798 1359 1864 monetariis
1382 1797 1512 1865 Combii

463 1899 599 1966 Domini
621 1898 720 1988 Regis
755 1899 896 1987 Anglioe‚
920 1900 975 1966 vel
1005 1900 1090 1967 alius
1122 1923 1181 1988 per
1203 1921 1265 1980 eos,
1289 1923 1347 1967 seu
1379 1899 1513 1968 nomine

462 2025 531 2084 suo,
573 2002 673 2070 breve
711 2002 800 2090 quod
837 2003 1102 2090 impetraverim
1142 2005 1184 2072 de
1220 2005 1334 2072 venire
1364 2003 1513 2070 sariendo

463 2105 623 2192 Majorem
654 2109 690 2172 et
719 2105 936 2173 vicecomites
974 2106 1224 2174 Londoniarum
1269 2129 1379 2174 eorem
1413 2106 1511 2194 Rege,

461 2209 668 2297 ubicumque,
706 2215 774 2290 ete,
806 2211 843 2276 in
871 2211 1008 2277 Ootubis
1043 2211 1158 2278 Seneti
1190 2211 1326 2278 Hillerii
1362 2210 1513 2298 proximo

462 2313 591 2394 futuris,
615 2318 650 2380 et
672 2314 716 2380 ed
738 2315 1004 2401 respondendum
1026 2335 1128 2402 quere
1149 2313 1238 2402 ipsos
1260 2313 1512 2394 distrinxerunt,

461 2416 625 2504 exigendo
643 2417 687 2483 ab
710 2417 833 2484 eisdem
848 2418 1012 2482 auxilium
1026 2439 1087 2505 pro
1109 2417 1355 2504 quintodecimo
1370 2416 1514 2483 Domino

462 2520 546 2606 Regi
583 2540 741 2598 oonoesso,
766 2525 836 2597 ete,
868 2525 984 2586 contro
1013 2520 1154 2586 formem
1178 2519 1311 2587 Chertae
1341 2541 1418 2598 suae,
1442 2523 1511 2600 ete,

461 2644 530 2687 non
550 2627 788 2709 prosequentur
809 2623 878 2688 ullo
900 2623 1007 2689 modo.

507 2724 553 2790 Et
586 2747 685 2814 super
717 2725 787 2805 hoe,
822 2726 1039 2812 presentibus
1067 2725 1242 2813 praedietis,
1273 2724 1433 2812 prrefntus
1454 2723 1513 2790 Jo-

461 2827 587 2892 hunnes
609 2827 650 2893 de
667 2827 894 2914 Kyngestone,
919 2828 1121 2916 Praepositus
1153 2828 1421 2910 monetariorum,
1444 2851 1512 2894 me·

460 2930 559 2996 nibus
603 2930 672 2996 suis
705 2931 830 2998 dietum
868 2932 970 2998 breve
1001 2932 1107 3010 scidit,
1142 2935 1179 2998 et
1219 2931 1428 3010 adnihilavit,
1462 2931 1514 3020 [ne

457 3037 690 3113 retorneretur,
706 3037 766 3100 ete
812 3034 858 3100 Et
873 3034 1100 3100 deliberentur
1115 3033 1162 3100 eis
1177 3033 1401 3102 districtiones
1416 3055 1514 3121 super

459 3157 513 3201 eos
536 3136 615 3202 inde
644 3136 750 3218 feotae,
775 3159 813 3204 eo
837 3138 925 3224 quod
947 3137 1101 3224 prredioti
1123 3136 1296 3203 Johannes
1318 3138 1360 3204 de
1376 3137 1512 3224 Kynge-

458 3243 560 3318 stone,
597 3239 794 3327 Renulphus
817 3240 858 3306 de
881 3239 1068 3320 Chelehem,
1092 3238 1264 3306 Johunnes
1286 3245 1358 3306 ette
1384 3240 1513 3321 Doune‚

459 3343 644 3409 Willelmus
678 3343 721 3409 de
755 3342 987 3431 Ohiggewelle‚
1020 3343 1186 3412 Henrieus
1217 3341 1258 3408 de
1282 3342 1512 3431 Ohiggewelle,

459 3450 494 3512 et
517 3445 678 3512 Ricardus
712 3446 753 3512 de
785 3447 983 3525 Glouoestre,
1016 3447 1201 3528 monetarii,
1225 3469 1284 3533 pro
1306 3468 1341 3512 se
1364 3451 1398 3512 et
1420 3445 1515 3511 sociis

459 3549 536 3629 suis,
569 3549 769 3628 monetariis
805 3553 1068 3637 menuceperunt
1097 3555 1132 3615 et
1164 3549 1400 3638 obligaverrmt
1421 3570 1456 3614 se
1478 3552 1513 3614 et

459 3653 548 3718 bone
572 3675 641 3734 sue,
672 3659 742 3732 ete,
773 3652 913 3719 liberare
935 3657 970 3718 et
992 3653 1167 3720 restituere
1198 3654 1238 3719 de
1263 3653 1359 3720 bonis
1380 3653 1448 3719 suis
1470 3651 1514 3717 ed

460 3755 640 3823 volentium
678 3756 903 3844 quodraginta
949 3756 1112 3822 librarum
1141 3757 1178 3822 in
1212 3779 1329 3824 monus
1368 3754 1513 3844 Mojon's,

461 3858 710 3940 Vioeoomitum,
744 3863 778 3926 et
816 3858 939 3924 civium
972 3859 1215 3946 praedietorum,
1254 3880 1313 3946 pro
1351 3857 1514 3925 demando

460 3983 558 4049 super
584 3984 639 4028 eos
659 3982 748 4027 nune
774 3961 871 4044 faeta,
890 3961 1060 4028 ooeesione
1082 3961 1250 4050 predicte,
1276 3962 1320 4027 ed
1345 3961 1512 4049 Gernipri·

460 4064 554 4132 vium
576 4065 728 4154 proximo
744 4063 902 4145 futurum,
919 4070 988 4146 ete,
1004 4065 1071 4134 nisi
1092 4067 1237 4148 interim,
1254 4069 1339 4146 eto3
1360 4065 1411 4132 ita
1424 4065 1513 4152 qnod

460 4173 543 4236 tuno
570 4168 639 4236 sint
660 4168 697 4234 in
721 4189 797 4236 oeeu
823 4189 889 4254 quo
919 4190 1015 4250 nune,
1040 4173 1110 4250 eto,
1133 4168 1177 4234 ed
1200 4167 1427 4257 plooitondum
1459 4165 1514 4234 vel

458 4271 733 4352 satisfaciendum,
757 4275 818 4340 ete
865 4271 985 4340 Postea
1013 4277 1186 4354 venerunt,
1219 4277 1254 4340 et
1284 4271 1514 4339 setieieoerunt

446 4376 501 4442 .de
534 4375 743 4464 portionibus
772 4375 862 4463 ipsos
900 4375 1181 4464 contingentibus,
1214 4379 1314 4464 prout
1352 4379 1446 4464 patet
1475 4373 1512 4440 in

460 4477 592 4546 Rotulie
615 4479 736 4548 Assisae
757 4478 933 4566 praediotae,
958 4484 1018 4548 eto

837 4757 845 4787 ¹
857 4754 979 4821 Properly
990 4755 1131 4807 monetariis
