3600 5822
338 905 358 966 2
375 917 460 967 anu.
479 897 530 987 n]
554 913 716 966 euterun
731 911 1001 964 counuuarosu
1016 912 1060 963 os
1076 911 1224 962 sussen
1241 912 1277 963 11.
1295 899 1358 963 265

313 1113 331 1140 “
355 1107 559 1182 ‘contentos
583 1123 643 1189 pro
665 1099 761 1166 nobis
783 1105 817 1167 et
839 1099 1027 1166 haeredibus
1048 1100 1178 1179 nostris,
1203 1119 1246 1164 ex
1265 1100 1362 1167 sertis

314 1215 332 1242 “
356 1204 492 1284 ‘nausia
517 1203 561 1270 ad
592 1203 756 1271 dictorum
780 1201 904 1267 civium
926 1200 1124 1267 instantiam
1149 1202 1282 1289 penitus
1305 1202 1362 1268 ad·

314 1317 333 1345 “
357 1309 552 1372 ‘nullamus
607 1305 653 1371 Et
682 1325 743 1371 nos
775 1325 887 1370 omnes
919 1303 1146 1381 ooneessionss,
1184 1303 1363 1384 libertates,

315 1419 333 1446 “
358 1409 592 1495 ‘quietanoiss
622 1412 658 1473 et
688 1406 810 1472 liberas
843 1405 1104 1484 eonsuetudines,
1129 1406 1166 1471 in
1199 1406 1366 1493 praedietis

315 1520 333 1548 “
357 1511 495 1598 ‘primis
510 1511 653 1596 quinque
669 1507 803 1576 Chsrtis
817 1511 995 1586 contentas,
1012 1512 1048 1574 et
1069 1508 1172 1574 etiam
1194 1509 1366 1595 praedictos

315 1623 333 1650 “
357 1618 523 1700 ‘quatuor
537 1610 714 1690 Articulos,
729 1611 766 1676 in
783 1610 942 1698 praedicta
963 1615 1058 1676 sextu
1080 1609 1206 1678 Charta
1218 1611 1367 1692 insertos,

315 1725 333 1752 “
357 1721 416 1782 ‘et
429 1715 579 1802 superius
593 1713 805 1801 specificatos,
828 1716 919 1778 ratos
941 1712 1101 1779 habentes
1122 1719 1157 1780 et
1177 1719 1297 1802 gratos,
1314 1736 1368 1782 eos

317 1827 334 1855 “
358 1827 440 1907 ‘pro
464 1817 561 1883 nobis
583 1821 619 1883 et
641 1814 828 1883 haedibus
858 1814 982 1882 nostris
1012 1815 1159 1902 praefatis
1181 1816 1310 1883 civibus
1334 1820 1369 1883 et

317 1929 335 1957 “
359 1919 619 1987 ‘subsessoribus
641 1917 718 1996 suis,
742 1917 871 1983 oivihus
905 1915 1051 2003 ejusdem
1073 1918 1228 1998 civitatis,
1251 1920 1368 1985 confir·

317 2031 335 2060 “
359 2031 517 2100 ‘memus
552 2041 678 2107 eosque,
714 2019 756 2084 de
778 2018 889 2106 gratia
921 2024 1036 2085 nostre
1066 2021 1207 2108 speciali,
1231 2021 1368 2089 innove-

318 2133 336 2160 “
361 2133 456 2189 ‘mus
480 2128 515 2189 et
545 2122 750 2188 eonoedimus
784 2121 831 2186 eis
862 2121 898 2185 in
925 2126 1119 2208 perpetuum
1144 2121 1368 2191 ¹obtinendus

319 2235 336 2262 “
361 2225 493 2292 ‘Salvis
515 2223 611 2290 nohis
634 2227 669 2289 et
700 2222 887 2300 haeredibus
921 2224 1045 2289 nostris
1073 2224 1206 2310 juribus
1228 2248 1272 2294 ex
1293 2249 1369 2293 eon-

319 2337 337 2364 “
361 2328 528 2394 ‘sessione
559 2325 725 2391 communi
757 2325 852 2390 nobis
890 2329 1005 2411 postea
1036 2326 1219 2413 adquisitis.
1281 2328 1370 2396 Prae·

320 2439 338 2465 “
362 2435 483 2507 ‘terea
508 2449 582 2494 oum
605 2427 692 2492 cives
723 2427 827 2493 nostri
861 2426 1019 2514 praedicti,
1044 2451 1103 2516 per
1131 2429 1272 2498 Chartae
1295 2453 1369 2519 pro·

320 2539 339 2569 “
362 2531 573 2619 ‘genitorum
610 2534 805 2608 nostrorum,
842 2527 1023 2614 quemlibet
1068 2531 1228 2619 Majorem
1272 2555 1371 2619 quem

320 2643 338 2670 “
363 2633 544 2722 ‘elegerint
565 2631 601 2698 in
624 2632 761 2698 civitate
783 2631 950 2719 predicta,
966 2634 1230 2720 progenitoribus
1251 2638 1373 2703 nostris

320 2748 339 2774 “
362 2736 558 2824 ‘praedietis
582 2739 642 2800 aut
675 2734 779 2813 nobis,
803 2755 870 2801 non
904 2735 1123 2802 existentibus
1154 2738 1244 2826 apud
1265 2738 1374 2806 wesa-

321 2849 339 2876 “
363 2837 630 2917 ‘monasterium
653 2836 812 2903 haetenus
834 2843 1034 2924 praesentare
1050 2847 1292 2908 oonsueuerrmt
1314 2865 1374 2908 an·

321 2951 339 2978 “
363 2940 516 3006 ‘nuatim
539 2939 723 3005 Beronibus
745 2939 787 3004 de
819 2937 996 3019 Seaoeario,
1019 2945 1059 3006 ut
1090 2941 1132 3006 ab
1156 2943 1278 3010 eisdem
1300 2949 1375 3010 tun·

321 3053 341 3080 “
362 3049 486 3128 ‘quam
527 3039 666 3126 [Major]
699 3039 956 3123 admitteretur3
979 3041 1029 3108 ita
1065 3049 1187 3125 tamen,
1211 3047 1299 3133 quod
1338 3048 1374 3112 in

322 3152 341 3183 “
364 3144 538 3232 ‘proximo
561 3140 708 3209 adventu
743 3142 989 3230 progenitorum
1021 3150 1209 3212 nostrorum
1240 3149 1375 3235 praedio-

323 3255 341 3284 “
365 3252 507 3324 ‘torum
546 3249 606 3310 aut
642 3249 765 3322 nostro,
804 3265 908 3330 usque
947 3244 1275 3315 westmonasterium
1320 3252 1374 3318 vel

324 3359 342 3386 “
366 3347 586 3426 ‘Londonias
619 3345 742 3412 eisdem
774 3346 1047 3435 progenitoribus,
1075 3354 1136 3416 aut
1165 3352 1267 3431 nobis,
1292 3376 1376 3440 pree·

324 3461 341 3488 “
366 3452 583 3527 ‘sentaretur‚
619 3452 655 3513 et
688 3447 724 3512 in
749 3447 909 3535 Majorem
940 3448 1193 3533 admitteretur3
1226 3456 1375 3522 volentes

325 3563 342 3590 “
367 3552 509 3619 ‘eisdem
538 3550 667 3616 civibus
697 3550 841 3638 gratiam
873 3551 910 3616 in
940 3552 1002 3619 hae
1024 3559 1118 3641 parte
1140 3555 1245 3623 faeere
1266 3558 1375 3625 uberi-

325 3665 343 3692 “
366 3662 490 3732 ‘orem
517 3652 728 3719 consedimus
750 3654 807 3733 eis,
833 3675 893 3742 pro
915 3655 1011 3721 nobis
1035 3661 1070 3722 et
1092 3655 1278 3725 haeredibus
1300 3683 1374 3726 nos-

324 3765 343 3793 “
366 3756 458 3837 ‘tris,
491 3754 580 3840 quod
612 3753 721 3839 Major
751 3755 897 3840 ejusdem
923 3757 1077 3837 civitatis,
1102 3781 1176 3826 curn
1207 3783 1267 3848 per
1288 3762 1376 3850 ipsos

325 3868 343 3895 “
368 3857 478 3924 ‘cives
502 3857 625 3922 electus
646 3855 755 3934 fuerit,
780 3879 908 3924 necnon
931 3863 965 3925 et
988 3859 1204 3929 Vioeoomites
1229 3865 1377 3932 civitatis

326 3970 344 3998 ‘⁴
368 3960 546 4047 ‘ejusdem
571 3979 647 4024 oum
668 3981 727 4046 per
752 3959 840 4046 ipsos
871 3961 1025 4027 similiter
1051 3971 1208 4032 consueto
1234 3969 1376 4035 termino

326 4071 344 4098 “
369 4061 487 4128 ‘electi
526 4059 658 4138 fuerint,
697 4059 793 4126 nohis
838 4066 873 4128 et
917 4063 1104 4131 heredibus
1148 4069 1278 4149 nostris,
1317 4076 1377 4136 aut

327 4173 345 4202 “
370 4163 579 4228 ‘Batonibus
624 4161 799 4249 predictis,
827 4164 916 4251 apud
955 4167 1284 4237 westmonasterium
1321 4175 1376 4240 vel

262 4307 264 4312 -
327 4276 345 4303 “
370 4265 582 4332 ‘Londonias
611 4286 680 4330 non
714 4266 943 4346 existentibus,
980 4268 1233 4339 constabulario
1264 4273 1377 4342 Turris

327 4379 345 4406 “
369 4373 514 4436 ‘nostrae
564 4366 820 4446 Londoniarum,
866 4370 922 4456 qui
970 4392 1030 4458 pro
1076 4377 1222 4460 tempore
1266 4376 1376 4459 fuerit,

327 4479 345 4512 ‘⁶
374 4477 493 4536 ‘extra
522 4475 654 4558 portam
670 4470 766 4537 diotae
788 4471 903 4536 Turris
925 4475 1099 4540 annuatim
1135 4483 1378 4562 praesententur

326 4580 345 4610 “
370 4579 428 4639 ‘et
443 4572 673 4651 admittantur,
690 4573 727 4637 in
748 4573 855 4638 forma
877 4593 944 4659 qua
965 4574 1010 4640 ad
1032 4575 1158 4642 dietum
1173 4578 1378 4650 Soemsrium

737 4803 773 4855 So
783 4803 810 4854 in
821 4803 863 4855 the
874 4803 992 4872 originui.
