3600 5822
242 905 441 998 roman]
466 919 624 976 mauors
645 919 794 976 lomusr
814 917 910 978 nutu
932 922 977 976 or
999 921 1048 976 sr.
1073 903 1200 974 rsm's.
1225 904 1290 974 339

239 1109 436 1195 quibusdam
457 1111 533 1178 aliia
563 1111 642 1178 locis
672 1133 720 1178 xv
741 1111 850 1198 pedes,
874 1114 908 1179 et
930 1111 990 1178 ubi
1012 1111 1123 1178 minus
1145 1113 1204 1189 est,
1228 1108 1291 1176 viii
1329 1123 1437 1172 raas.

238 1212 363 1298 pedes3
397 1218 431 1280 et
455 1214 615 1302 Magister
639 1213 824 1280 Willelmus
855 1214 896 1280 de
923 1214 1022 1280 Graia
1065 1213 1164 1278 modo
1197 1217 1291 1280 tenet

238 1313 385 1401 placeam
421 1316 513 1386 illam
547 1316 611 1384 sibi
637 1318 889 1405 appropriatam,
913 1321 974 1384 eto.
1020 1315 1117 1398 Item,
1150 1337 1291 1403 proesen-

238 1419 314 1486 tant
336 1419 425 1505 quod
447 1419 548 1486 iidem
571 1419 724 1488 Decanua
747 1424 782 1486 et
804 1420 1007 1508 Capitulum,
1028 1419 1101 1505 jam
1122 1419 1173 1486 xii
1195 1420 1291 1485 annis

239 1519 365 1608 elapsis,
400 1521 695 1610 appropriaverunt
717 1521 782 1588 sibi
809 1522 976 1610 quandam
1013 1521 1113 1588 aliam
1144 1523 1289 1607 placeam

237 1622 373 1704 ibidem,
396 1627 621 1693 continentem
655 1624 693 1692 in
725 1623 933 1712 longitudine
964 1645 1036 1690 xxx
1069 1624 1168 1711 pedes
1199 1629 1234 1690 et
1255 1623 1292 1688 in

237 1724 418 1793 latitudine
436 1749 486 1794 xx
507 1727 615 1815 pedes,
636 1729 672 1794 et
693 1725 807 1792 domos
830 1726 868 1792 in
889 1727 1003 1792 eadem
1025 1726 1187 1796 adflare
1208 1727 1290 1794 fece-

238 1833 325 1908 ruut,
350 1829 393 1896 ad
414 1833 649 1898 nocumentum
672 1829 779 1896 totius
801 1828 955 1908 civitatis,
972 1833 1052 1909 eto.;
1075 1834 1110 1896 et
1132 1829 1292 1917 Magister

240 1930 402 1998 Ricardus
424 1933 466 2000 de
488 1932 614 2000 Mtone
647 1932 745 1998 modo
775 1935 871 1999 tenet
898 1953 978 1999 eam.
1024 1932 1121 2010 Item,
1151 1953 1290 2020 prasen-

238 2037 317 2102 tunt
352 2035 440 2120 quod
474 2034 628 2102 Dcoauus
661 2038 697 2102 et
731 2033 933 2122 Capitulum,
968 2039 1003 2101 et
1030 2034 1162 2114 Vicani,
1194 2035 1292 2102 diotae

240 2137 382 2204 cadesim
413 2137 529 2204 Sancti
560 2136 666 2218 Pauli,
686 2139 758 2224 jam
780 2159 805 2202 x
827 2137 924 2204 annis
952 2137 1079 2224 elapsis,
1102 2138 1291 2226 appropria-

239 2245 363 2308 verunt
385 2240 450 2307 sibi
472 2240 639 2327 quandam
670 2241 817 2328 placeam
844 2239 979 2321 ibidem,
1003 2242 1229 2308 continentem
1256 2242 1292 2306 in

240 2343 449 2432 longitudine
471 2343 508 2410 lx
529 2343 629 2431 pedes
651 2349 686 2409 et
707 2343 744 2408 in
770 2341 949 2409 latitudine
973 2341 985 2406 l
1007 2343 1123 2430 pedes3
1149 2349 1184 2410 et
1209 2365 1293 2431 prae·

240 2447 322 2516 dicti
343 2446 467 2514 Vioarii
499 2447 596 2514 modo
629 2449 747 2514 tenent
778 2446 924 2533 placeam
961 2445 1063 2526 illam,
1088 2451 1146 2512 etc
1193 2446 1290 2525 Item,

239 2554 443 2640 praesentant
465 2549 551 2637 quod
584 2549 735 2638 predicti
757 2548 909 2616 Deoanue
931 2551 967 2614 et
989 2547 1192 2637 Capitulum,
1219 2549 1294 2635 jam·

240 2652 313 2719 xvii
335 2653 430 2720 annis
452 2652 578 2740 elapsis,
613 2651 912 2740 appropriaverunt
945 2651 1009 2718 sibi
1032 2652 1199 2739 quandam
1221 2653 1292 2739 pla-

240 2777 330 2822 ceam
352 2755 485 2836 ibidem,
508 2754 732 2821 continentem
770 2753 808 2823 in
843 2754 1052 2843 longitudine
1083 2755 1170 2820 lxxx
1200 2760 1235 2822 et
1256 2755 1293 2820 in

240 2857 419 2924 latitudine
448 2856 485 2924 lx
513 2857 621 2944 pedes,
643 2857 687 2922 ad
708 2861 953 2936 nocumentum,
976 2863 1036 2926 etc
1082 2857 1179 2941 Item,
1210 2881 1292 2945 prae-

241 2965 375 3029 sentant
404 2961 491 3046 quod
527 2959 677 3048 praedicti
711 2959 864 3026 Decanus
898 2965 933 3027 et
967 2961 1160 3048 Capitulum
1189 2961 1294 3028 levari
1305 2987 1448 3042 aliquot

1306 3040 1421 3084 structlcn
1429 3041 1456 3084 ct

240 3065 390 3132 fecerunt
410 3085 515 3130 unum
545 3063 733 3151 postomia
760 3061 870 3129 medio
893 3067 1000 3150 porta
1023 3063 1139 3131 Sancti
1161 3064 1293 3151 Augus·
1306 3089 1437 3159 seuam

241 3168 313 3247 cni,
337 3188 412 3254 que
433 3169 531 3252 pora
553 3170 605 3232 est
626 3166 807 3232 amula
829 3164 983 3231 omnbus
1004 3165 1130 3231 ibium
1152 3141 1444 3232 transire⁶¹¹¹⁰⁰⁸⁸l⁰·

240 3269 437 3349 volentibus,
454 3272 524 3351 eta,
549 3269 592 3334 ad
618 3271 852 3334 nocumentum
875 3269 1024 3334 omnium
1040 3268 1293 3350 transeuntium,

242 3379 301 3442 eto
362 3371 442 3439 Ideo
479 3377 651 3459 precatum
685 3375 736 3437 eat
761 3369 1027 3453 vicecomitibus,
1060 3373 1149 3458 quod
1180 3373 1294 3440 venire

241 3475 388 3543 facerent
409 3473 575 3563 predictos
606 3474 780 3540 Decanum
804 3477 838 3539 et
862 3473 1069 3561 Capitulum,
1094 3479 1153 3542 cto

286 3577 333 3644 Et
348 3577 500 3644 Deoanuc
515 3581 550 3644 et
566 3575 759 3664 Capitulum
782 3575 897 3644 Sancti
919 3576 1016 3644 Pauli
1039 3577 1293 3659 Londoniarum,
1306 3587 1454 3682 *lm

242 3701 301 3770 per
322 3685 528 3748 attcmatum
550 3701 654 3758 suum,
670 3679 821 3760 veniunt,
837 3685 872 3749 et
891 3680 1007 3747 dicunt
1029 3681 1117 3768 quod
1131 3681 1294 3748 Dominus
1306 3649 1463 3782 {animm

1345 3739 1407 3782 their

243 3783 416 3863 Henrious,
441 3783 607 3870 quondam
634 3782 708 3850 Rex
723 3781 866 3872 Angliae,
882 3783 1022 3863 Primus,
1039 3789 1107 3864 ota,
1136 3785 1229 3852 dedit
1260 3753 1425 3884 etsslffle

242 3887 399 3954 concessit
428 3908 488 3974 per
523 3884 681 3952 Chartam
716 3907 810 3952 suam
836 3885 908 3954 Deo
936 3892 971 3954 et
996 3887 1149 3956 Ecclesia
1181 3889 1295 3956 Sancti
1307 3893 1444 3988 gggffl‘l

243 3989 339 4056 Pauli
370 3988 624 4069 Londoniarum,
652 3992 785 4054 tuntum
812 3989 853 4056 de
887 3990 1009 4057 fossato
1042 3989 1180 4060 Castalii
1209 3993 1294 4082 ejus·
1307 3993 1408 4048 Μ

243 4094 317 4159 dem
334 4092 442 4180 Regis,
460 4092 549 4180 quod
562 4095 702 4157 vocatur
726 4092 907 4160 “Castrum
924 4093 1123 4181 Baynardi‚”
1138 4118 1181 4162 ex
1201 4101 1295 4184 parte

244 4216 338 4284 aqum
374 4193 559 4272 Thamisiae,
584 4198 748 4281 quantum
789 4216 870 4283 opus
904 4195 1004 4262 firerit
1040 4198 1083 4263 ad
1108 4197 1294 4266 iaciendum

242 4321 374 4366 murum
396 4297 543 4385 ejusdem
569 4297 712 4364 ecclcsiae
733 4319 847 4364 versus
862 4297 1033 4377 Austrum,
1050 4304 1085 4366 et
1105 4305 1238 4368 mutum
1254 4303 1295 4368 de

244 4403 358 4470 eodem
380 4401 503 4468 fossato
533 4406 696 4489 quantum
725 4399 906 4468 audiciebat
928 4402 971 4468 ad
994 4403 1180 4470 faciendum
1203 4407 1293 4472 viam

244 4511 342 4574 extra
371 4525 526 4586 murum;
556 4509 591 4572 et
621 4526 665 4570 ex
699 4503 805 4570 altera
834 4509 929 4592 parte
952 4505 1099 4587 cadesim,
1124 4509 1168 4574 ad
1190 4507 1295 4595 Aqui-

245 4609 362 4690 lonem,
385 4613 548 4696 quantum
573 4613 609 4674 et
629 4606 799 4688 Ricardus,
824 4612 906 4674 tunc
923 4606 1103 4698 Episcopus
1127 4611 1295 4697 praedictae

249 4711 401 4793 ecclesiae
418 4711 459 4778 de
483 4710 598 4778 eodem
629 4710 752 4778 fossato
773 4709 885 4777 dinrit
944 4710 991 4776 Et
1013 4711 1092 4778 inde
1121 4713 1292 4798 proferunt

1090 4819 1159 4880 Y2
