3624 5824
443 851 509 920 214
650 871 659 880 ·
778 865 881 916 ιιιιιιιι
902 861 1148 918 cusrunenum
1297 851 1356 938 [34
1372 867 1488 920 noum

396 1083 402 1094 ·
443 1057 674 1121 “memoratae
700 1053 898 1136 scandalum,
923 1060 958 1122 et
984 1055 1150 1124 liber-tetis
1172 1055 1318 1143 ejusdem
1342 1055 1495 1122 Fcctesice

445 1164 463 1192 “
484 1157 652 1224 lresionem
678 1156 895 1238 menifestum,
912 1163 947 1224 et
969 1158 1094 1248 grande
1116 1159 1339 1248 opprobrium,
1364 1160 1494 1246 dispen-

444 1267 461 1298 “
484 1259 586 1341 dium,
609 1269 643 1328 et
664 1265 900 1328 nocumentum
925 1262 1169 1350 capellanorum
1191 1262 1434 1350 predictorum,
1457 1283 1496 1326 ec

442 1371 460 1400 “
482 1369 598 1433 contre
617 1386 730 1451 pacem
744 1369 891 1431 nostrum
902 1387 912 1446 3
934 1365 1087 1432 volumus
1109 1387 1291 1452 congruum
1312 1365 1494 1432 remedium

443 1474 460 1502 “
481 1488 581 1554 super
606 1465 669 1534 hoo
692 1467 969 1534 adhiberi—Nos
995 1468 1234 1557 supplicatione
1254 1467 1400 1554 ejusdem
1426 1467 1495 1555 epi-

441 1577 459 1602 “
480 1569 571 1657 scopi
592 1569 849 1638 condescendere
864 1571 1013 1638 volentes
1026 1571 1064 1636 in
1078 1571 1141 1638 hec
1162 1575 1266 1660 purte,
1293 1571 1389 1637 vobis
1410 1592 1493 1657 prce-

441 1679 458 1705 “
480 1671 628 1758 cipimus,
661 1673 750 1759 quod
781 1673 817 1737 in
847 1673 945 1760 pleno
980 1673 1159 1761 Hustengo
1194 1677 1307 1740 nostro
1344 1673 1493 1740 civitatis

331 1783 336 1791 ‘
441 1783 458 1807 “
480 1780 603 1842 noetrae
628 1775 806 1863 praedictae,
823 1779 858 1842 et
883 1776 966 1842 alibi
987 1799 1046 1864 per
1071 1781 1179 1842 totum
1205 1775 1376 1842 civitatem
1391 1775 1491 1853 illam

412 1897 414 1902 ·
440 1877 610 1964 “publice
635 1877 830 1967 proclamari
853 1883 887 1944 et
910 1901 953 1944 ex
971 1884 1067 1968 parte
1090 1885 1205 1946 nostre
1231 1879 1372 1944 firmiter
1403 1877 1490 1942 inhi-

439 1979 548 2045 “beri
574 1978 711 2060 facietis,
728 2002 771 2046 ne
798 1980 856 2067 qui
879 1981 1006 2067 vigiles,
1034 1987 1095 2048 out
1121 1981 1179 2048 elii
1208 1981 1293 2062 laici,
1315 1981 1352 2046 in
1378 1979 1492 2046 eedem

439 2090 456 2116 “
478 2081 622 2162 civitate,
657 2083 719 2150 sub
756 2083 966 2151 forisfactura
1003 2090 1119 2152 nostre
1153 2084 1279 2172 viginti
1316 2083 1491 2161 librarum,

438 2193 456 2220 “
478 2184 631 2274 hospitia,
657 2185 780 2267 domos,
801 2192 862 2253 cut
888 2208 1032 2254 cameras
1052 2187 1310 2276 capellanorum,
1325 2191 1385 2254 eut
1411 2186 1492 2252 utie-

438 2300 552 2358 “rum
583 2315 796 2380 personcrum
831 2293 1130 2374 ecclesiasticemm,
1169 2316 1230 2381 pro
1273 2293 1490 2360 fornicatione

437 2405 454 2430 “
477 2395 532 2462 vel
570 2395 746 2476 adulterio,
773 2397 930 2464 invadere
953 2396 1009 2464 vel
1036 2397 1206 2476 ineuiltere
1235 2401 1297 2462 eut
1331 2396 1412 2483 ipsis
1437 2417 1490 2460 cc·

437 2505 455 2532 ‘⁶
478 2498 618 2585 pellnuis
643 2499 711 2566 ulie
739 2499 887 2566 enormia
917 2499 956 2566 in
987 2497 1209 2587 ¹hospitihnr,
1235 2498 1399 2578 domibus,
1430 2503 1491 2564 eut

338 2669 342 2678 ,
437 2609 454 2635 “
476 2600 614 2666 cerneris
647 2600 725 2680 nris,
752 2623 792 2668 ee
819 2601 986 2668 occasione
1020 2602 1142 2669 inferre
1172 2602 1383 2688 aliquetenus
1409 2623 1493 2688 prce-

436 2711 454 2740 “
475 2709 617 2770 sumunt.
686 2703 784 2786 Quod
820 2705 849 2770 si
881 2705 962 2770 inde
997 2725 1089 2772 secus
1122 2705 1280 2784 evenerit
1316 2710 1387 2770 tem
1425 2703 1489 2791 ipsi

435 2805 639 2894 “Episcopo
674 2828 774 2893 quem
811 2808 990 2894 capellanis
1020 2809 1194 2896 praedictis,
1235 2807 1264 2874 si
1298 2829 1396 2894 super
1428 2806 1491 2873 hoc

437 2919 455 2944 “
478 2909 636 2996 conqueri
651 2909 827 2992 voluerint,
843 2911 976 2997 plenem
1000 2917 1036 2980 et
1062 2911 1200 2978 celerem
1221 2909 1390 2997 justitiam
1413 2908 1490 2974 inde

435 3021 453 3048 “
475 3012 629 3078 volumus
663 3012 825 3080 exhiberi
880 3013 977 3080 Teste
1010 3014 1144 3102 meipso,
1178 3013 1267 3100 apud
1294 3011 1488 3092 Kurliolum,

434 3123 452 3152 ‘⁴
474 3115 560 3182 xviii
585 3115 640 3184 die
667 3115 791 3196 Martii,
818 3136 907 3182 anno
932 3117 1026 3204 tegni
1048 3118 1153 3184 nostri
1172 3113 1490 3203 vicesimoquinto?

834 3351 1088 3380 m

650 3493 713 3582 [Do
735 3493 1011 3562 Proclcmctc'onc
1033 3493 1273 3582 stotonooon]

262 3667 324 3715 wne
336 3672 363 3716 of
477 3663 714 3744 ‘¹,Edwnrdue
740 3663 804 3730 Dei
828 3664 946 3752 gretie,
967 3665 1041 3732 Rex
1067 3665 1208 3752 Angtae,
1237 3664 1403 3730 Dominus
1423 3661 1485 3730 Hi-

260 3719 440 3876 {dwffi‘
443 3768 610 3850 ‘bernice
628 3773 662 3834 et
678 3768 759 3833 Dux
777 3766 1003 3855 Aquitanniae‚
1034 3767 1101 3856 Muj
1104 3769 1153 3834 ori
1178 3772 1213 3834 et
1228 3768 1485 3834 Vicecomitibus

258 3835 443 3971 ffiwpo‘
444 3869 732 3949 ιΙιοιιιίοιιὶιιιιιιιι,
761 3871 913 3936 salutem.
973 3870 1058 3937 cum
1083 3894 1144 3936 nos
1168 3871 1322 3958 quaedam
1345 3870 1484 3937 Stetute

259 3977 384 4071 ξύῗὴθῢὲι
375 3979 454 4072 affl
476 3995 535 4060 pro
573 3972 741 4040 communi
772 3973 920 4038 utilitate
948 3972 1062 4063 populi
1087 3973 1183 4060 regni
1207 3973 1312 4038 nostri
1343 3973 1383 4038 de
1410 3995 1485 4038 con·

257 4079 452 4134 ¹¹1thss
474 4075 547 4142 silio
571 4080 684 4142 nostro
706 4075 779 4162 jem
804 4075 1011 4158 ediderimus,
1037 4077 1192 4162 proutin
1219 4075 1340 4142 litteris
1362 4075 1484 4142 nostris

432 4178 666 4266 “petentibus
696 4177 774 4243 inde
807 4178 971 4259 consectis,
1001 4199 1083 4264 quas
1115 4178 1212 4245 vobis
1240 4178 1485 4257 mittimus,in

429 4287 447 4316 “
469 4280 607 4348 civitate
632 4285 747 4346 nostro
769 4281 928 4368 praedictu
952 4301 996 4347 ex
1019 4302 1108 4346 nunc
1130 4285 1289 4370 perpetuo
1315 4301 1485 4346 remanen-

429 4390 447 4420 “
468 4383 535 4465 dns,
584 4384 716 4474 plenius
767 4383 966 4465 continetur,
1001 4383 1097 4450 vobis
1143 4381 1360 4471 praecipimus,
1394 4381 1484 4470 quod

424 4493 442 4524 “
464 4485 595 4555 litteras
626 4488 701 4554 illes
733 4487 768 4552 in
804 4487 980 4576 Hustengo
1003 4491 1117 4554 nostro
1142 4487 1290 4554 civitctie
1313 4485 1484 4574 preedictee

822 4789 829 4822 ¹
840 4787 965 4855 Proper-ty
975 4787 1093 4856 hospitiis.
