3462 5836
187 859 229 922 14
242 857 387 942 nnw.11.]
412 873 558 922 cernuus
572 873 764 923 66666666
780 873 912 924 sarona
926 875 996 922 run
1010 873 1148 924 666666
1171 859 1236 924 429

183 1063 298 1144 gentes
320 1057 445 1124 fuerint
468 1058 521 1122 vel
552 1059 686 1136 remissi,
711 1064 790 1125 tunc
814 1059 887 1124 Rex
909 1066 944 1125 et
967 1061 1112 1128 haeredes
1136 1060 1234 1147 Regis

184 1181 223 1226 ea
245 1183 303 1247 per
325 1161 495 1226 ministros
525 1182 601 1226 suos
631 1163 703 1226 fieri
727 1161 858 1240 faciant,
883 1167 942 1228 etc.

227 1262 272 1327 Et
296 1263 441 1349 operarii
465 1261 673 1344 6661661,61
703 1264 827 1342 dicunt,
852 1265 939 1350 quod
964 1264 1128 1329 Dominus
1160 1264 1233 1328 Rex
1244 1267 1389 1374 imi,

182 1386 279 1445 nunc,
295 1365 331 1429 in
348 1364 570 1431 Parliamento
593 1387 652 1431 suo
676 1367 763 1452 apud
780 1366 974 1446 Eboracum,
999 1363 1060 1428 6110
1084 1365 1137 1430 116
1153 1364 1232 1451 Sep·
1245 1370 1353 1474 {iffi
1361 1432 1376 1464 a

182 1467 326 1544 tembris‚
351 1489 438 1532 anno
458 1467 552 1554 regni
575 1468 626 1533 sui
649 1468 722 1546 xii⁰‚
754 1469 795 1533 16
821 1490 983 1534 66666666
1007 1467 1400 1574 Ρ6661616666,ξζξξιῗξῐίξμ,Θ

183 1568 361 1649 Comitum,
379 1571 554 1648 Beronum,
572 1577 606 1635 et
628 1570 1072 1649 61166661606661116666
1096 1570 1132 1633 16
1156 1569 1233 1633 Par·
1246 1571 1404 1666 ffjgffig*

182 1670 342 1736 liamento
366 1673 524 1759 praedicto
548 1672 773 1752 existentium,
798 1673 955 1760 praecepit
977 1671 1014 1736 in
1037 1677 1234 1758 perpetuum
1246 1672 1366 1767 ξῑᾶξᾶῑῇονθ

181 1773 357 1855 observari,
374 1775 461 1859 quod
477 1775 616 1860 operarii
631 1775 826 1861 capellorum
842 1776 878 1839 16
894 1775 984 1840 dicta
999 1772 1133 1839 civitate
1150 1773 1234 1838 Lon·

182 1874 363 1954 duplarum,
388 1881 422 1941 61
452 1876 530 1940 alibi
554 1876 640 1940 infra
664 1898 802 1962 regnum
826 1875 962 1941 Domini
986 1875 1094 1961 Regis,
1111 1875 1235 1961 capella

182 1975 293 2060 aliqua
323 1977 378 2042 de
394 1976 502 2042 floccis
532 1999 591 2042 nec
622 1977 663 2042 de
690 1977 766 2042 1666
800 2000 874 2042 666
906 1977 1013 2042 floccis
1036 1977 1151 2054 mixta,
1176 1982 1235 2041 aut

181 2077 246 2141 alia
268 2077 344 2143 lana
370 2101 428 2164 pro
452 2079 583 2166 capellis
606 2079 715 2144 minus
738 2079 863 2158 116666,
888 2079 1002 2159 facere,
1034 2100 1092 2170 666
1122 2084 1235 2144 vetera

183 2179 308 2243 usitata
324 2180 363 2245 (16
379 2202 467 2246 6666
482 2181 589 2246 116616
603 2203 662 2266 pro
677 2181 772 2246 novis
788 2181 938 2260 vendere,
955 2203 1015 2247 666
1029 2185 1233 2257 mercatores,

180 2280 345 2368 indigenae
360 2283 414 2346 661
436 2282 635 2369 alienigenae,
652 2283 840 2370 hujusmodi
862 2283 985 2369 capella
1011 2282 1235 2348 fraudulenter

181 2382 275 2460 facta,
300 2390 359 2449 661
381 2388 496 2451 uetera
518 2383 559 2450 16
581 2407 668 2450 6666
699 2386 813 2465 116616,
838 2407 858 2450 6
880 2385 1030 2472 partibus
1053 2385 1176 2450 exteris
1199 2384 1234 2447 in

182 2485 306 2551 dietum
331 2508 470 2574 regnum
493 2485 661 2564 adducere,
693 2509 752 2553 666
784 2510 823 2552 66
856 2487 943 2552 infra
976 2487 1063 2552 idem
1095 2508 1234 2574 regnum

181 2609 239 2672 per
261 2588 341 2654 alios
365 2588 476 2654 161616
499 2610 605 2654 emere
637 2611 694 2654 seu
725 2590 867 2654 vendere
890 2595 1093 2676 praesumimt
1115 2589 1234 2674 quovis

178 2691 281 2766 mod0,
305 2691 366 2755 sub
399 2689 502 2775 poenis
525 2689 742 2775 infrascriptis
754 2691 970 2769 ;-videlicet,
997 2690 1085 2776 quod
1108 2690 1229 2774 siquis

177 2791 342 2876 operarius
382 2791 579 2877 capellorum
617 2792 652 2855 in
683 2791 821 2856 civitate
860 2793 1026 2878 puediota,
1060 2814 1117 2857 seu
1148 2791 1230 2856 alibi

179 2892 266 2957 infra
288 2913 426 2979 regnum
450 2891 588 2957 Domini
611 2892 721 2980 Regia,
745 2894 868 2980 capella
893 2894 934 2958 16
957 2895 1064 2960 floccis
1079 2893 1133 2958 661
1156 2893 1233 2958 1666

180 2995 220 3059 16
235 2995 343 3060 floccis
359 2995 474 3072 mixta,
491 2998 550 3058 aut
566 2994 722 3059 61161666
745 3017 803 3080 pro
826 2995 958 3080 capellis
981 2997 1090 3060 minus
1105 2995 1231 3072 idonea,

181 3095 304 3176 fecerit,
339 3119 396 3162 seu
420 3101 533 3161 vetera
555 3103 589 3160 61
612 3095 736 3160 usitata
770 3096 918 3174 tinxerit,
954 3101 1013 3160 aut
1044 3095 1233 3180 hujusmodi

180 3197 303 3282 capella-
327 3197 537 3277 vendiderit3
560 3198 665 3262 66161
688 3199 890 3277 mercatores,
923 3197 1063 3283 operarii
1085 3218 1144 3261 seu
1166 3197 1232 3275 alii,

179 3299 348 3386 indigenae
371 3300 425 3366 vel
447 3299 649 3386 alienigenae,
674 3298 863 3384 hujusmodi
887 3298 1010 3385 capella
1040 3299 1234 3386 apartibus

178 3402 327 3486 [exteris]
353 3401 440 3466 infra
462 3402 550 3466 idem
574 3424 715 3488 regnum
743 3401 843 3488 Regis
866 3400 1086 3488 portaverint,
1109 3423 1167 3466 666
1189 3402 1233 3466 ab

178 3503 252 3568 aliis
282 3509 416 3591 portata
439 3504 580 3570 emerint
595 3505 650 3569 661
665 3503 887 3585 vendiderint,
902 3503 951 3568 illi
969 3504 1027 3589 qui
1042 3503 1124 3568 talia
1151 3501 1232 3569 fece·

179 3606 255 3682 rint,
291 3610 326 3672 61
356 3605 434 3671 1616
475 3607 721 3686 convincantur,
755 3611 789 3670 61
819 3605 943 3692 capella
976 3604 1164 3690 hujusmodi
1196 3606 1232 3670 in

179 3708 332 3774 manibus
355 3709 499 3795 ipsorum
522 3708 744 3788 inveniantur,
769 3713 849 3772 tuuc
880 3729 938 3793 per
972 3707 1231 3774 combustionem

179 3811 376 3895 capellarum
399 3809 579 3876 eorundem
603 3810 792 3896 puniantur.
852 3809 897 3874 Et
921 3808 947 3874 si
972 3810 1098 3896 capella
1119 3808 1232 3894 hujus*

178 3911 269 3976 modi
299 3912 336 3976 16
370 3912 525 3977 manibus
559 3911 706 3998 ipsorum
727 3934 795 3977 non
817 3911 1040 3992 inveniantur,
1064 3916 1143 3976 tuuc
1173 3933 1231 3998 per

177 4037 314 4102 gravem
337 4015 594 4080 misericordiam
618 4016 806 4102 puniantur,
822 4013 866 4080 ad
881 4037 962 4102 opus
978 4014 1115 4080 Domini
1131 4014 1231 4100 Regis

178 4119 231 4182 661
253 4118 421 4185 haeredum
453 4140 596 4198 suorum,
620 4118 678 4184 ubi
708 4117 898 4203 hujusmodi
929 4117 1159 4184 misericordiae
1188 4117 1231 4182 61

177 4218 286 4306 ipsum
319 4221 442 4306 Regem
477 4226 511 4287 et
544 4220 689 4286 haeredes
720 4242 795 4286 suos
827 4219 996 4307 pertinent
1008 4243 1016 4298 ;
1046 4225 1081 4286 61
1103 4219 1161 4284 ubi
1187 4219 1231 4284 61

177 4322 259 4388 61166
288 4323 465 4410 pertinent,
489 4324 531 4388 61
555 4345 636 4409 opus
666 4344 778 4388 eorum
808 4322 965 4388 levandae.
1011 4322 1057 4386 Et
1093 4323 1121 4386 61
1157 4322 1230 4407 quis

177 4446 275 4512 super
305 4425 481 4514 praemissis
504 4427 556 4491 661
579 4447 691 4491 eorum
714 4425 832 4510 aliquo,
857 4425 908 4490 bis
931 4424 1113 4501 conuictus
1129 4423 1230 4489 tertio

176 4527 352 4614 deliquerit
375 4528 510 4594 611616
537 4528 759 4604 convincatur,
782 4526 841 4591 illa
862 4526 1059 4592 6166166116
1087 4525 1230 4591 officium

176 4629 306 4714 abjuret
337 4651 507 4716 nunquam
531 4630 573 4695 ad
607 4629 691 4694 illud
725 4633 899 4716 postquam
922 4629 1094 4694 rediturus.
1143 4626 1229 4693 Con-

176 4733 274 4797 cessit
301 4734 403 4798 etiam
438 4733 527 4798 idem
550 4731 715 4797 Dominus
739 4731 820 4810 Rex,
844 4753 904 4819 pro
927 4753 962 4797 se
986 4736 1020 4796 61
1043 4730 1229 4797 haeredibus

177 4833 253 4912 suis,
278 4835 366 4921 quod
393 4833 500 4921 Major
522 4840 557 4901 ct
582 4834 798 4920 Viceoomites
814 4833 960 4902 civitatis
975 4833 1112 4900 Domini
1128 4832 1228 4920 Regis

1001 4938 1037 5024 n
1061 4934 1139 5022 u·
