3462 5836
238 872 280 936 14
296 885 380 938 now.
398 869 450 958 n]
499 883 583 936 essa
606 883 650 934 or
673 879 753 932 ssm
776 877 1021 931 msmrorsoaee
1044 878 1179 932 srsrm.
1220 865 1284 932 399

236 1079 255 1108 “
277 1069 455 1157 proborum
471 1073 506 1137 et
531 1069 688 1156 legalium
711 1065 884 1132 hominnm
899 1065 942 1131 de
964 1065 1103 1132 civitate
1117 1065 1286 1152 predicta,

236 1181 254 1210 “
276 1173 388 1240 neutri
422 1173 509 1260 porti
543 1175 780 1259 suspectorum,
806 1190 888 1256 quos
924 1169 961 1234 in
997 1169 1059 1234 hoo
1097 1175 1193 1256 parte
1226 1189 1286 1256 pro

237 1279 369 1342 “statu
399 1280 522 1354 nostro,
547 1279 583 1340 et
617 1273 766 1340 utilitate
807 1271 921 1358 populi
952 1271 1099 1358 ejusdem
1139 1273 1287 1339 civitatis

235 1383 254 1414 “
278 1382 313 1443 et
349 1377 392 1444 ed
430 1376 568 1444 eandem
603 1373 850 1454 confluentium,
881 1372 949 1438 fore
975 1373 1127 1440 videritis
1164 1373 1287 1440 exemi·
1374 1371 1378 1380 “

238 1487 255 1516 “
278 1478 412 1560 nendos,
451 1499 579 1545 necnon
616 1482 651 1544 et
688 1497 747 1564 per
776 1480 1017 1542 sacromentum
1047 1477 1224 1563 proborum
1253 1483 1288 1544 et

237 1589 254 1618 “
277 1581 432 1669 legalium
478 1580 650 1647 hominum
703 1579 847 1664 ejusdem
893 1578 1050 1656 civitatis,
1100 1599 1159 1666 per
1206 1601 1288 1667 quos

236 1691 254 1720 “
277 1684 325 1750 rai
368 1683 492 1750 veritas
529 1704 628 1770 super
675 1679 852 1768 praemissis
892 1680 1010 1746 melius
1047 1679 1123 1748 soiri
1154 1681 1287 1768 poterit,

237 1794 254 1825 ‘⁶
277 1787 306 1853 si
332 1807 462 1854 neeesse
487 1785 596 1862 inerit,
627 1783 813 1870 inquiratis,
857 1803 916 1870 per
952 1803 1035 1870 quos
1067 1784 1149 1850 dieti
1186 1786 1287 1872 pisea-

237 1896 254 1928 “
277 1887 364 1958 narii
394 1890 435 1955 de
466 1888 555 1954 Kaio
585 1887 743 1974 praediola
765 1905 863 1972 super
884 1886 1079 1952 venditione
1115 1887 1224 1954 alleois
1253 1894 1288 1955 et

237 2000 255 2030 “
278 1991 425 2078 piscium,
448 1991 486 2056 in
520 2011 631 2078 grosso
666 1989 785 2055 valed
816 1987 989 2068 retalliam,
1021 1989 1059 2054 in
1080 1990 1191 2078 shopis
1221 1993 1289 2058 arsis

236 2103 256 2134 ‘⁴
279 2093 403 2161 ibidem
424 2093 500 2160 illos
526 2094 584 2179 qui
610 2092 647 2158 in
672 2112 786 2180 grosso
808 2112 915 2158 emere
943 2111 1013 2157 non
1038 2091 1205 2161 sufficiunt
1229 2115 1290 2162 neo

238 2205 255 2232 “
278 2197 407 2278 volunt,
430 2196 555 2262 luerint
574 2195 646 2282 jam
662 2194 703 2261 do
728 2214 816 2260 novo
842 2193 1005 2279 impediti,
1021 2199 1056 2260 et
1075 2215 1134 2282 per
1149 2217 1289 2284 quorum

236 2307 254 2336 “
277 2319 454 2377 assensum,
471 2319 569 2385 super
590 2297 769 2384 praemissis
784 2295 937 2362 omnibus
953 2297 1082 2383 plenius
1104 2299 1289 2382 veritatem,

237 2411 255 2438 “
278 2407 318 2467 nt
339 2401 478 2468 ulterius
499 2400 585 2478 indo,
611 2405 682 2465 tem
711 2419 771 2487 pro
795 2399 892 2465 nobie
918 2419 1018 2484 quam
1042 2421 1101 2487 pm
1124 2403 1290 2488 praediotis

237 2515 255 2541 “
278 2504 466 2591 pisoeneriis
489 2503 530 2568 de
554 2501 643 2568 Kaio
664 2501 831 2588 proedicto,
855 2500 928 2567 fieri
950 2501 1079 2568 inentis
1101 2511 1290 2592 competens

239 2605 461 2672 “remedium
496 2609 531 2670 et
563 2601 676 2670 eoloris
719 2602 863 2689 justitiae
906 2604 1203 2692 complementum
1240 2609 1291 2675 ite

237 2715 254 2745 “
277 2707 366 2794 qnod
391 2728 450 2794 per
481 2706 627 2791 aliquam
665 2705 852 2791 hujusmodi
879 2705 1121 2774 ordinationem
1143 2711 1290 2778 indebite

237 2819 254 2850 “
280 2831 348 2876 non
371 2813 559 2897 graventur.
590 2807 686 2873 Teste
696 2807 830 2896 meipso,
844 2809 933 2896 apud
948 2807 1288 2897 westmonasterium,

238 2923 256 2952 “
278 2913 403 2980 xxiiiio
426 2911 480 2980 die
506 2909 688 2992 Februarii,
711 2931 798 2978 anno
836 2912 930 2999 regni
964 2916 1069 2980 nostri
1092 2915 1209 2983 xiiii⁰.''

283 3128 329 3194 Et
343 3149 441 3215 snper
455 3127 524 3204 hoe,
540 3125 680 3192 Thomas
703 3123 873 3204 Pikeman,
891 3125 1056 3193 Henrious
1071 3127 1240 3209 Potamon,
1257 3133 1291 3197 at
1303 3136 1454 3234 imi,

237 3231 408 3298 Johannes
432 3229 551 3317 Aleyn,
575 3227 750 3317 pisoenerii
773 3226 870 3294 Keiae
908 3229 1075 3315 praediotoe
1107 3232 1160 3297 del
1195 3231 1290 3299 Fish-
1342 3237 1452 3284 ‘Me

237 3333 346 3412 worse,
386 3338 457 3398 tarn
501 3353 562 3418 pro
605 3331 750 3396 Domino
790 3329 880 3416 Rege
919 3353 1018 3418 quam
1064 3355 1124 3421 pro
1166 3336 1288 3423 seipsis,
1302 3291 1430 3436 iffi}

237 3439 422 3523 queruntur
462 3435 504 3500 de
528 3433 681 3500 Hemone
704 3433 745 3498 de
784 3430 992 3520 Ohigewelle‚
1023 3436 1158 3503 Andrea
1183 3438 1289 3521 Horn,
1303 3439 1427 3486 renuent.

238 3538 415 3604 Edmundo
464 3537 627 3622 Lambyn,
659 3534 682 3600 J
685 3533 814 3600 ohanne
862 3535 981 3616 Sterre,
1019 3537 1165 3607 Roberto
1203 3541 1290 3624 Deli,

238 3641 384 3728 Hugone
433 3638 577 3716 Metirei,
628 3637 782 3704 Johanns
821 3637 984 3718 Seleman,
1030 3640 1158 3728 Rogero
1204 3643 1290 3726 Deli,

239 3741 385 3808 Henrioo
400 3741 520 3820 Stena,
537 3739 686 3806 Roberto
708 3739 749 3805 do
773 3738 969 3822 stretforde,
985 3741 1111 3810 Thorno
1124 3744 1290 3829 Edmund,

237 3843 392 3912 Johenne
430 3843 471 3910 de
502 3842 645 3922 Donum,
671 3841 871 3929 pisoenariie,
898 3843 1063 3912 Willelmo
1085 3847 1289 3930 Prodommo,

240 3947 416 4034 Radulpho
439 3944 641 4033 Borgherde,
660 3943 806 4010 Roberto
830 3943 950 4028 Swote,
967 3947 1112 4016 Henrioo
1129 3949 1289 4038 Lembyn,

239 4051 382 4120 Ricardo
415 4051 520 4129 Horo,
545 4049 713 4136 Stephano
737 4047 843 4127 Horn,
868 4049 1035 4118 Willelmo
1056 4053 1098 4120 de
1121 4053 1291 4136 Fuleham,

238 4155 365 4221 Thoma
386 4153 428 4219 de
450 4151 667 4238 Braynforde,
692 4149 838 4217 Roberto
861 4151 903 4218 de
928 4153 1125 4244 Moolrynge
1149 4155 1291 4226 Ricardo

239 4257 370 4337 Oroshe,
412 4258 543 4345 Rogero
566 4256 608 4322 de
641 4255 774 4336 Bornos,
807 4261 842 4322 et
869 4255 1019 4325 Galfrido
1056 4259 1143 4340 Soot,
1179 4261 1220 4327 de
1253 4286 1292 4330 eo

238 4361 334 4450 quod,
360 4381 434 4428 oum
458 4359 558 4426 iidem
581 4358 724 4424 Thomas
738 4357 909 4438 Pikemen,
935 4359 1099 4428 Henrious
1122 4361 1290 4447 Potamon,

238 4468 274 4529 et
294 4461 467 4530 Johennes
483 4460 603 4548 Aleyn,
620 4461 689 4527 eint
711 4459 806 4528 liberi
834 4463 922 4528 oives
945 4463 1093 4530 civitatis
1115 4467 1291 4554 predicte,

238 4587 276 4632 aa
290 4566 354 4652 ipsi
368 4570 403 4633 et
419 4587 533 4632 eorum
548 4569 766 4630 onteoessores
782 4567 816 4629 et
830 4564 1088 4652 praedecessores,
1104 4569 1289 4656 pincenarii,

238 4688 365 4734 nsonon
386 4673 422 4734 et
447 4667 506 4733 elii
528 4667 617 4734 oives
639 4665 786 4752 ejusdem
816 4666 974 4750 oivitetis,
997 4669 1113 4737 allecia
1146 4693 1204 4738 seu
1226 4673 1292 4741 elia

237 4789 360 4855 genera
380 4769 520 4856 piscium
542 4770 685 4836 vendero
706 4770 855 4836 volentes
889 4771 926 4836 in
960 4769 1071 4861 shopis
1094 4773 1164 4842 auis
1194 4797 1292 4866 snper

240 4871 361 4938 Kaiom
371 4871 567 4962 praedietom,
584 4871 699 4940 allecia
713 4877 748 4942 et
762 4871 828 4940 alia
841 4893 962 4965 genera
975 4875 1114 4964 piscium
1128 4877 1165 4945 in
1178 4901 1292 4968 grosso
