3462 5836
218 905 356 968 llnnw.
369 901 422 992 m]
442 919 604 970 curarim
616 919 1004 971 enarrenrownevnes
1015 921 1060 971 ur
1070 919 1154 971 now.
1163 921 1184 972 1.
1203 903 1268 976 417

213 1129 273 1196 per
294 1106 434 1174 ballivos
455 1129 531 1175 suos
552 1129 720 1196 quousque
741 1109 885 1176 solverit.
947 1110 1115 1196 Quodque,
1132 1109 1160 1174 si
1182 1129 1269 1175 com-

216 1216 347 1298 pertum
377 1211 422 1277 sit
444 1212 534 1298 quod
566 1211 685 1299 aliquis
716 1233 830 1278 eorum
861 1212 1067 1301 elongaverit
1100 1212 1140 1279 de
1173 1213 1268 1278 bonis

215 1313 352 1398 alicujus
373 1313 453 1380 false
476 1319 511 1380 et
533 1315 704 1393 malitiose,
728 1316 817 1401 quod
839 1321 963 1382 extunc
985 1317 1026 1382 de
1041 1337 1151 1381 eorum
1170 1315 1269 1382 Gilda

216 1415 417 1494 dimittatur,
458 1422 493 1482 et
531 1416 725 1483 utensilium
759 1441 857 1506 super
890 1418 980 1505 quod
1013 1425 1174 1506 operatur,
1208 1439 1268 1504 pro

215 1517 312 1583 firma
327 1517 427 1605 Regis
442 1519 666 1605 acquietanda,
682 1525 853 1586 remaneat
875 1521 911 1586 in
934 1521 1039 1594 officio
1062 1541 1175 1586 versus
1197 1520 1268 1585 bal·

216 1620 310 1686 livoe.
357 1620 455 1701 Quod
488 1622 517 1687 ei
550 1623 625 1709 quis
668 1624 710 1690 de
742 1645 857 1690 eorum
890 1623 991 1690 Gilda
1020 1624 1198 1710 deliquerit
1232 1628 1268 1689 et

215 1723 405 1790 contraierit
426 1722 576 1790 libertati
600 1724 707 1792 Gilda
729 1727 905 1813 praedicta,
929 1731 964 1794 et
986 1729 1190 1814 compertum
1213 1725 1266 1804 eit,

215 1826 304 1911 quod
333 1849 392 1914 per
414 1827 607 1894 utensilium
629 1849 726 1894 suum
748 1828 976 1918 distringetur,
1002 1827 1065 1917 [et]
1088 1827 1268 1894 secundum

213 1928 455 1995 ordinationem
476 1930 576 1995 xxiiii
598 1929 699 2000 dictae
715 1930 823 1998 Gildae
845 1933 1012 2020 puniatur.
1059 1931 1105 1997 Et
1127 1930 1268 2018 quodsi
1326 1990 1331 2002 .
1379 1971 1413 2005 a.

215 2031 335 2117 aliquis
364 2031 478 2098 fecerit
500 2054 627 2119 pannos
656 2033 698 2100 de
730 2033 1055 2113 candelwikesereu,
1080 2056 1139 2122 per
1165 2032 1268 2098 Balli-

214 2155 273 2199 vos
303 2135 401 2200 dictae
428 2133 536 2201 Gilda
560 2135 660 2202 debet
681 2137 907 2224 supervideri;
937 2143 972 2205 et
994 2137 1024 2204 si
1046 2138 1173 2226 operati
1200 2137 1268 2202 sint

213 2237 301 2318 false,
318 2239 361 2304 ad
376 2238 534 2303 damnum
556 2260 728 2306 commune
744 2241 864 2328 populi,
881 2245 998 2308 contre
1008 2246 1114 2307 certos
1128 2245 1268 2328 punctos

214 2363 311 2426 super
344 2340 409 2406 hiis
443 2340 620 2422 ordinatos,
644 2343 828 2428 adjudicari
858 2344 981 2410 debent
1003 2366 1111 2410 coram
1143 2343 1268 2429 Majore

215 2443 483 2523 Londoniarum3
520 2449 555 2510 et
590 2441 640 2509 ibi
681 2445 778 2511 debet
811 2447 980 2512 amerciari
1019 2446 1062 2512 ad
1097 2446 1268 2513 dimidiam

214 2567 361 2612 marcam
393 2546 568 2632 operarius,
594 2567 701 2613 coram
726 2545 858 2613 Ballivo
887 2548 1055 2636 praedictae
1079 2547 1194 2628 Gildae,
1218 2570 1267 2612 ee·

214 2649 361 2714 cundum
383 2648 652 2714 consuetudinem
675 2671 788 2715 eorum
812 2650 927 2716 Gildae.
973 2650 1020 2715 Et
1034 2651 1123 2737 quod
1139 2650 1167 2714 si
1182 2671 1268 2715 com-

216 2756 348 2838 pertum
382 2751 428 2816 sit
462 2751 552 2836 quod
585 2751 704 2837 aliquis
734 2751 847 2817 feeerit
885 2774 1041 2839 pannum,
1077 2752 1130 2818 vel
1161 2753 1269 2840 pecias

214 2855 326 2941 panni,
358 2853 401 2918 ad
431 2852 651 2932 vendendum,
688 2855 729 2920 de
763 2855 841 2920 lana
863 2853 1020 2942 Yspaniae
1052 2855 1160 2922 mixta
1194 2878 1268 2922 cum

214 2957 291 3022 lana
313 2955 507 3044 Anglicana,
532 2955 576 3021 ad
598 2955 828 3043 decipiendum
859 2959 1019 3044 populum
1050 2980 1266 3036 communem,

214 3058 444 3145 adjudicentur
466 3059 704 3126 comburendae.
750 3058 796 3123 Et
819 3060 907 3143 quod
930 3061 958 3124 ei
980 3060 1100 3145 aliquia
1115 3065 1269 3126 teneatur

214 3161 313 3228 alicui
347 3161 388 3227 de
412 3181 525 3227 eorum
560 3159 661 3226 Gilda
683 3160 720 3226 in
746 3165 884 3247 argento
911 3182 972 3247 pro
1002 3183 1098 3248 opere
1131 3183 1200 3242 suo,
1233 3167 1268 3226 et

214 3286 282 3330 non
311 3263 456 3342 solverit,
481 3267 516 3328 et
537 3263 660 3328 habeat
692 3263 729 3326 in
752 3283 866 3329 eorum
889 3261 989 3328 Gilda
1010 3284 1070 3350 per
1091 3265 1180 3350 quod
1202 3263 1268 3329 dis-

214 3367 318 3453 tringi
347 3371 465 3452 potest,
495 3387 554 3453 per
576 3365 741 3431 Ballivum
764 3365 805 3430 de
831 3385 944 3430 eorum
967 3363 1068 3430 Gilda
1093 3364 1269 3453 distringa-

215 3474 271 3535 tur
309 3467 352 3534 ad
392 3467 658 3554 respondendum
694 3465 846 3554 querenti
888 3467 924 3532 in
959 3465 1061 3532 Curia
1099 3488 1166 3534 sua
1223 3469 1269 3535 Et

214 3572 303 3659 quod
331 3571 427 3636 liberi
449 3571 518 3636 sint
547 3569 591 3635 ad
613 3567 788 3635 emendum
823 3575 857 3636 et
889 3569 1100 3635 vendendum
1122 3571 1159 3636 in
1182 3571 1268 3636 Lon-

215 3674 331 3752 doniia,
354 3673 455 3738 libere
485 3675 520 3738 et
550 3673 669 3758 quiete,
703 3671 814 3737 omnio
837 3693 911 3757 quoe
941 3672 1111 3758 pertinent
1132 3672 1176 3738 ad
1198 3671 1267 3737 offi-

214 3776 301 3843 cium
324 3797 428 3841 suum
475 3774 522 3839 Et
544 3775 634 3861 quod
663 3773 774 3839 nullus
802 3773 902 3840 debet
931 3775 1058 3861 operari
1088 3775 1177 3840 inter
1206 3775 1268 3840 fea

214 3884 289 3945 tum
323 3877 457 3944 Natalis
488 3876 626 3942 Domini
656 3881 691 3942 et
726 3875 847 3942 festum
878 3875 1123 3941 Purificationis
1155 3875 1268 3942 Beatae

216 3981 341 4048 Mariae.
387 3981 434 4047 Et
459 3980 549 4066 quod
582 3979 693 4044 nullus
722 3979 821 4045 debet
850 3978 978 4065 operari
1007 3983 1179 4044 noctanter
1211 4000 1269 4064 per

214 4083 391 4162 candelam,
415 4104 475 4149 nec
503 4083 540 4147 in
562 4080 678 4148 diebus
701 4079 839 4146 Sabbati
861 4084 937 4167 post
958 4081 1157 4167 prandium3
1180 4080 1269 4166 quod

214 4189 243 4254 si
273 4189 477 4273 compertum
508 4184 561 4264 sit,
593 4183 796 4250 ameroietur.
843 4181 888 4248 Et
911 4181 999 4269 quod
1028 4182 1139 4247 nullus
1169 4181 1269 4248 debet

214 4289 343 4378 operari
372 4309 520 4375 pannum
552 4286 593 4352 de
624 4283 942 4352 Oandelwikestrete
972 4284 1081 4350 minue
1103 4305 1203 4370 quam
1231 4284 1268 4348 in

215 4398 359 4480 quatuor
381 4389 506 4472 diebus,
538 4393 572 4454 et
594 4389 622 4454 si
652 4387 776 4468 feeerit,
811 4387 1016 4466 amercietur,
1040 4391 1099 4452 eto.

261 4497 307 4560 Et
337 4493 446 4560 telarii
477 4491 628 4570 veniunt,
662 4496 697 4556 et
736 4487 907 4576 proferunt
937 4488 1096 4555 Chartam
1133 4487 1269 4554 Domini

217 4597 316 4684 'Regis
343 4595 510 4674 Edwardi,
534 4593 645 4681 patris,
669 4592 706 4659 in
728 4592 798 4658 baec
824 4590 992 4657 verba:—

262 4707 280 4735 “
304 4698 498 4776 Edwardus,
536 4696 600 4765 Dei
629 4695 748 4787 gratia,
780 4697 850 4774 etc,
874 4692 1028 4760 omnibus
1060 4691 1195 4759 ballivis
1235 4698 1270 4760 et

308 4815 385 4867 vot.
401 4816 437 4870 ΙΙ,
1064 4812 1088 4860 D
1111 4811 1136 4859 1)

1281 4718 1379 4762 (thu-ter

1282 4768 1411 4822 mumulo
