3600 5822
484 815 549 878 342
815 827 918 877 nunus
939 824 1184 878 wssuusuuu.
1334 811 1493 900 [ΗΜ.
1509 830 1552 878 ιι.

488 1024 506 1051 “
531 1013 761 1100 ‘requiescunt
794 1015 831 1080 in
864 1013 987 1092 endem,
1020 1035 1150 1082 necnon
1186 1015 1229 1080 ed
1262 1015 1475 1081 secuuitutem
1509 1021 1552 1080 et

488 1125 506 1154 “
531 1117 699 1204 'quictem
715 1116 956 1184 Osuonioorum
975 1121 1011 1182 et
1023 1115 1252 1183 ministrorum
1267 1117 1366 1184 dictus
1386 1116 1547 1196 ecclceioe,

488 1229 505 1256 “
530 1226 587 1287 ‘et
625 1239 760 1286 suorum
796 1220 922 1287 ibidem
959 1220 1184 1299 residentium,
1226 1220 1441 1286 concessimus
1480 1237 1548 1307 pro
1747 1228 1753 1331 p

488 1333 505 1359 ‘⁶
529 1322 650 1388 ‘nobis
672 1327 706 1388 et
728 1322 922 1404 haeredibus,
946 1329 1110 1412 quantum
1132 1323 1169 1388 in
1202 1323 1298 1389 nobis
1321 1327 1378 1400 cet,
1406 1323 1547 1388 Decuno

489 1437 506 1462 “
532 1430 589 1492 ‘et
620 1425 776 1512 Cupitulo
810 1425 954 1494 ecclesiae
984 1426 1162 1513 praedictos,
1185 1426 1274 1512 quud
1305 1425 1548 1493 Goemeterium

489 1537 506 1566 “
531 1527 637 1594 ‘illud
659 1534 694 1596 et
716 1527 931 1616 prsecinotum
954 1549 1049 1596 mum
1069 1529 1199 1618 lapideo
1220 1529 1474 1616 circumquaque
1488 1529 1547 1594 in·

489 1642 506 1667 “
531 1632 690 1712 ‘cludere
722 1635 764 1711 et,
796 1631 842 1698 sic
875 1631 1008 1712 incluso,
1042 1629 1106 1699 sibi
1138 1637 1173 1698 et
1201 1631 1436 1698 successoribus
1473 1631 1547 1696 suis

489 1745 505 1770 “
532 1741 666 1802 ‘tenere
688 1734 823 1822 possint,
852 1736 923 1802 eine
946 1735 1112 1801 occasione
1135 1741 1171 1800 et
1185 1731 1420 1822 impedimento
1435 1734 1547 1800 nostri

488 1847 506 1874 ‘¹
531 1837 607 1904 ‘vel
636 1837 805 1904 haeredum
828 1843 1015 1904 nostrcmm
1041 1837 1078 1903 in
1099 1841 1303 1925 perpetuum.
1350 1837 1406 1902 Its
1419 1841 1546 1916 tomen,

489 1949 507 1977 “
531 1931 651 2028 ‘quod¹
665 1945 777 2028 portus
799 1945 834 2006 et
855 1946 1025 2028 posternas
1048 1940 1172 2006 focium
1194 1940 1230 2004 in
1252 1939 1331 2007 louis
1353 1937 1548 2006 necessariis

490 2053 507 2080 ‘¹
533 2048 590 2109 ‘et
623 2042 886 2130 competentibus
916 2042 1048 2122 ibidem,
1082 2048 1117 2109 et
1149 2041 1236 2129 quod
1266 2046 1372 2130 portae
1401 2039 1467 2108 ill·
1507 2047 1547 2108 et

490 2155 506 2182 “
532 2149 719 2233 ‘posternas
741 2143 881 2232 singuiis
895 2144 1013 2212 diebus
1035 2151 1159 2232 opertus
1180 2144 1249 2211 sint
1271 2145 1313 2211 ab
1335 2165 1454 2211 umore
1476 2144 1548 2210 diei

490 2257 508 2283 “
533 2257 659 2335 ‘usque
690 2249 733 2314 cd
762 2251 914 2331 noetcm3
948 2249 999 2315 itu
1021 2248 1110 2335 quud
1132 2268 1245 2314 omnes
1268 2249 1303 2313 ct
1326 2245 1448 2335 singuli
1478 2247 1546 2313 ibi·

490 2361 508 2388 ‘'
533 2352 631 2418 ‘dem
662 2352 802 2418 transire
831 2352 988 2432 volentes,
1013 2373 1072 2440 pro
1110 2351 1285 2418 voluntate
1312 2371 1373 2417 suu
1401 2355 1436 2416 ct
1471 2349 1548 2417 sine

491 2465 509 2490 ‘¹
533 2455 794 2542 ‘impedimento
810 2453 1044 2542 praedictorum
1059 2455 1186 2521 Deconi
1202 2460 1237 2522 et
1252 2453 1409 2542 Capituli,
1425 2458 1461 2520 et
1482 2473 1545 2520 sn·

491 2567 507 2592 “
533 2565 540 2595 ¹
556 2563 754 2624 tecessorum
763 2579 822 2624 seu
836 2557 1063 2625 ministrorum
1072 2557 1219 2646 ejusdem
1234 2558 1375 2625 ecclesiae
1389 2575 1545 2644 quorum·

490 2668 508 2696 ‘¹
533 2667 696 2746 ‘cunque
726 2659 866 2726 liberum
896 2660 1081 2749 ingmssum
1113 2659 1259 2727 hebosnt
1280 2681 1339 2748 per
1364 2664 1475 2747 portes
1508 2663 1546 2727 et

491 2771 508 2797 “
532 2767 726 2850 ‘posternas
752 2763 951 2850 predictum
983 2763 1034 2830 itu
1067 2763 1157 2850 quod
1186 2767 1291 2851 portae
1314 2763 1382 2830 illae
1412 2767 1448 2830 et
1468 2783 1544 2850 pos·

491 2873 508 2900 “
532 2871 661 2934 ‘ternus
683 2863 725 2931 de
746 2871 842 2932 nocte
874 2865 1077 2945 clauduntur,
1103 2871 1139 2933 et
1169 2865 1206 2932 in
1229 2885 1347 2932 surore
1377 2865 1443 2932 diei
1465 2885 1544 2953 upe-

490 2977 508 3005 “
533 2968 692 3058 ‘riantun
724 2969 809 3034 sicut
839 2969 1033 3056 praedictum
1056 2973 1115 3035 est.
1172 2968 1215 3033 In
1245 2969 1339 3055 cujus
1368 2967 1417 3034 rei
1447 2969 1544 3034 testi-

490 3081 508 3109 “
533 3072 713 3151 ‘monium
730 3071 790 3138 hus
814 3071 957 3138 Iitteras
979 3059 1110 3138 nostias
1124 3069 1197 3137 fieri
1219 3072 1355 3139 fecimus
1378 3069 1545 3139 Potentes

490 3183 508 3211 “
534 3175 652 3242 ‘Teste
682 3175 814 3264 meipso,
839 3176 926 3264 upud
942 3173 1284 3258 Wsstmonusteiium,
1306 3195 1331 3241 ιι
1362 3172 1545 3256 die-Junii,

493 3287 509 3312 ‘⁶
534 3287 645 3344 ‘enno
667 3277 762 3365 regni
785 3279 891 3344 nostri
915 3275 1030 3343 xiii.'”

536 3380 581 3447 Et
597 3381 786 3446 continetur
800 3379 837 3445 in
859 3379 1017 3468 praedictn
1038 3377 1163 3447 Charta
1177 3375 1313 3448 Domini
1329 3379 1430 3471 Regis
1444 3401 1544 3464 nuno,

491 3483 580 3573 quod
610 3483 776 3562 concessit,
808 3487 843 3549 et
876 3484 1085 3551 confirmavit
1119 3485 1356 3552 concessionem
1394 3487 1546 3574 prndicti

493 3587 629 3653 Domini
653 3585 762 3674 Regis,
785 3586 900 3672 putris,
923 3591 993 3667 etc,
1017 3587 1054 3652 in
1076 3587 1261 3676 premissis.

537 3688 638 3756 Unde
660 3689 810 3776 praedicti
841 3689 993 3756 Deounuc
1023 3695 1059 3757 et
1083 3691 1275 3780 Capitulum
1298 3689 1423 3772 dicunt,
1454 3691 1546 3780 quod

491 3793 563 3860 loce
592 3792 751 3880 praedictn
783 3797 863 3858 eunt
895 3792 1048 3860 dedicato
1078 3798 1112 3860 et
1143 3793 1375 3861 sanctuarium
1407 3796 1547 3884 praedic-

491 3903 536 3964 tue
566 3895 719 3962 Ecclesiae
751 3895 957 3962 Oethedrulis
987 3894 1103 3964 Sancti
1133 3895 1251 3980 Puuli3
1289 3903 1324 3964 et
1361 3899 1449 3985 quod
1479 3898 1544 3986 ipsi

492 3999 605 4066 eodem
629 3997 701 4064 locs
725 4002 842 4065 tenent
868 3997 995 4066 incluse
1015 4017 1074 4090 per
1098 3997 1237 4068 Ohnrtos
1259 4007 1294 4068 et
1317 4001 1547 4070 Ooneeseiones

492 4103 621 4190 Regum
650 4101 890 4190 praedictorum,
914 4107 949 4171 et
972 4103 1254 4171 confirmationem
1284 4102 1422 4171 Domini
1445 4105 1547 4194 Regis

490 4226 587 4285 nunc,
598 4209 633 4273 et
646 4225 705 4293 per
714 4205 874 4273 chortem
889 4205 1037 4294 praedicti
1054 4205 1176 4275 Oomit
1149 4212 1194 4273 ιιι
1207 4207 1245 4274 in
1258 4205 1365 4274 formu
1377 4209 1546 4297 puaedictu

324 4325 468 4430 nutepauppo
537 4309 583 4374 Et
606 4327 702 4396 super
723 4307 819 4376 venit
834 4308 948 4376 Homo
971 4309 1012 4376 de
1039 4303 1249 4399 Ohigewelle,
1266 4309 1374 4398 Major
1396 4311 1544 4379 civitatis

324 4377 452 4471 iiihtct
439 4388 746 4492 ''iiLondoninrum
772 4417 806 4478 et
831 4411 1052 4479 communitus
1082 4411 1229 4499 ejusdem
1257 4412 1412 4496 civitatis,
1436 4418 1471 4482 ct
1493 4413 1544 4481 di-

324 4478 458 4622 &EQ
491 4523 572 4584 cunt
587 4517 676 4606 quod
691 4517 851 4608 praedictu
865 4518 960 4587 loou'
950 4539 986 4586 m
1001 4519 1121 4607 quibus
1135 4525 1356 4609 proesentotur
1369 4521 1544 4610 pmdictcc

325 4627 434 4681 cmpos
492 4629 722 4710 putprestums
744 4641 813 4690 esse
834 4623 946 4704 suctus,
971 4627 1040 4702 etc,
1064 4629 1144 4690 sunt
1160 4621 1266 4691 solum
1282 4613 1419 4690 Domini
1434 4621 1544 4714 Regis,

494 4725 664 4814 pertinens
688 4725 778 4794 cd
752 4727 818 4796 civi
818 4731 924 4796 tutem
948 4727 1150 4818 predictam,
1167 4731 1203 4795 et
1216 4745 1286 4795 non
1300 4725 1541 4811 sanctuarium,-
