3648 5816
461 881 504 946 90
794 895 896 946 amun
918 892 1165 947 ousruusauu.
1312 879 1372 966 [34
1388 893 1472 946 nov.
1489 895 1511 945 1.

293 1107 418 1158 amanet
460 1102 563 1160 amm,
586 1081 610 1146 J
612 1081 774 1146 ohannem
796 1083 837 1148 de
853 1083 1051 1169 Wengrave,
1070 1081 1274 1148 Willelmum
1297 1079 1340 1146 dc
1356 1081 1462 1161 Leire,
1479 1087 1514 1147 et

294 1157 449 1252 diffidit*
460 1182 543 1248 alios
563 1182 815 1264 Aldermannos,
832 1184 1037 1250 Willelmum
1056 1182 1156 1250 Oasin
1177 1187 1213 1249 et
1235 1181 1455 1269 Reginaldum
1472 1184 1514 1249 de

293 1259 424 1353 liffeim
460 1284 656 1364 Thunderle,
673 1285 899 1367 Vicecomites,
923 1286 1157 1353 concordatum
1179 1288 1215 1350 et
1237 1284 1426 1352 ordinatum
1451 1290 1509 1364 est,

293 1360 397 1456 diff
459 1409 519 1474 pro
541 1409 580 1453 eo
602 1388 691 1474 quod
712 1388 878 1475 praedictis
894 1387 1015 1475 Majcri
1037 1393 1072 1454 et
1095 1387 1339 1469 Aldermannis,
1364 1387 1512 1475 aliisque,

460 1490 581 1556 clamor
612 1495 647 1556 et
678 1491 883 1577 querimonia
913 1494 1147 1579 pervenerunt,
1172 1489 1261 1577 quod
1297 1489 1512 1556 Vicecomites

460 1597 494 1659 et
516 1592 624 1659 clerici
645 1593 698 1660 sui
726 1615 795 1660 non
816 1595 1001 1673 irrotulent,
1030 1615 1090 1659 nec
1112 1593 1281 1658 irrotulari
1303 1593 1510 1681 permittunt,

459 1695 624 1784 legitimas
656 1696 868 1784 exceptiones
901 1718 962 1762 nec
995 1696 1209 1784 allegationes
1243 1699 1454 1762 narratorum
1477 1700 1512 1761 et

459 1799 613 1885 partium,
637 1798 674 1864 in
695 1799 828 1886 placitis
851 1820 960 1865 coram
975 1799 1024 1865 eis
1038 1799 1215 1886 placitatis,
1229 1798 1408 1865 secundum
1424 1799 1512 1884 quod

459 1901 645 1988 allegantur
678 1905 713 1968 et
745 1905 998 1990 proponuntur3
1020 1901 1077 1967 sed
1108 1901 1254 1988 aliquam
1282 1905 1413 1988 partem
1436 1901 1513 1966 alle-

458 2005 632 2091 gationum
657 2009 692 2070 et
714 2005 915 2092 placitorum
946 2003 1138 2085 irrotulent,
1171 2003 1318 2091 aliquam
1340 2005 1509 2082 omittant,

460 2107 708 2194 provoluntate
723 2129 791 2187 sua,
809 2108 898 2196 quod
907 2106 1124 2174 Vicecomites
1138 2128 1207 2172 non
1222 2111 1360 2172 teneant
1376 2105 1510 2172 (iuriam

459 2209 524 2275 nisi
560 2215 703 2297 quatuor
726 2209 956 2290 Aldermanni,
983 2210 1139 2276 videlicet
1161 2209 1185 2274 J
1187 2208 1333 2275 ohannes
1354 2209 1398 2274 de
1412 2208 1512 2275 Wan-

459 2335 567 2400 grava
584 2313 772 2379 Willelmus
806 2314 847 2380 de
872 2315 986 2400 Leyre,
1011 2313 1179 2378 Walterus
1202 2311 1243 2377 de
1268 2311 1509 2399 Fincbingseld,

459 2421 493 2482 et
524 2416 682 2482 Richerus
705 2418 746 2482 de
769 2416 921 2494 Refham,
952 2416 1107 2496 veltres,
1134 2416 1188 2481 vel
1210 2415 1287 2494 duc,
1312 2414 1368 2481 vel
1390 2414 1510 2480 saltem

459 2526 644 2587 unus-etc.
692 2519 770 2608 [See
787 2526 804 2556 “
819 2518 923 2588 Liber
937 2517 1078 2600 Albao,’'
1088 2541 1118 2606 p.
1135 2519 1225 2606 404]

634 2857 825 2929 Ordinatio
849 2858 892 2926 dc
906 2855 1071 2926 Braoibao
1092 2854 1329 2926 adornandis.

293 3084 366 3128 vau
379 3087 417 3130 aa
505 3061 671 3141 Similiter,
689 3084 749 3150 pro
772 3083 810 3127 ec
831 3057 921 3147 quod
943 3059 1040 3148 plura
1062 3057 1150 3124 mala
1165 3061 1348 3124 evenenmt
1364 3077 1508 3121 commu-

292 3117 414 3238 diii&
460 3165 562 3230 nitati
584 3187 621 3230 ac
637 3163 894 3230 vicecomitibus
916 3185 975 3251 per
996 3167 1136 3228 returna
1157 3159 1320 3240 brevium,
1345 3181 1403 3246 per
1425 3179 1507 3245 prse-

292 3237 442 3384 ii0⁸¹ri⁰dqir⁶⁰
460 3267 565 3336 dictos
588 3267 750 3355 Majorem
776 3272 811 3334 et
833 3267 1086 3345 Aldermannos‚
1112 3264 1166 3330 die
1189 3261 1327 3330 Veneris
1349 3259 1508 3350 praedicto

292 3339 376 3436 diebu
391 3353 425 3387 ω’
458 3371 691 3436 concordatum
729 3374 764 3436 et
801 3369 992 3436 ordinatum
1023 3377 1081 3446 est,
1115 3361 1225 3454 quod¹
1260 3364 1508 3442 Vicecomitum,

178 3466 180 3468 ¹
458 3473 655 3555 clericorum,
679 3477 740 3538 aut
774 3472 985 3552 ballivorum,
1020 3469 1156 3558 aliquod
1185 3469 1295 3548 breve,
1319 3465 1356 3532 in
1394 3465 1506 3553 aliquo

457 3577 731 3643 communitatem
754 3580 905 3662 tangens,
931 3571 1115 3640 decaetero
1141 3575 1301 3650 returnat‚
1327 3575 1507 3655 antequam

458 3679 543 3746 illud
564 3679 733 3767 praedictis
757 3677 878 3762 Majori
900 3682 935 3743 et
957 3673 1201 3757 Aldermennis,
1225 3673 1281 3740 vel
1303 3695 1416 3740 eorum
1438 3693 1507 3736 ma-

454 3781 522 3868 jori
544 3781 641 3870 parti,
670 3779 967 3861 demonstraverit3
990 3782 1026 3846 et
1048 3777 1138 3866 quod
1169 3799 1228 3864 per
1250 3778 1381 3842 illorum
1404 3772 1508 3842 consi-

461 3882 558 3949 lium²
595 3871 754 3951 returnat.
801 3883 847 3948 Et
884 3882 929 3947 ad
966 3882 1027 3947 hoc
1064 3879 1260 3957 faciendum,
1281 3877 1387 3964 jurati
1427 3881 1506 3944 sunt

459 4009 573 4053 omnes
589 3986 813 4063 Vioecomites,
835 3983 955 4066 clerici,
970 3989 1005 4050 ct
1026 3981 1154 4062 ballivi,
1170 3981 1271 4046 tactis
1293 3980 1505 4047 sacrosanctis

386 4093 388 4098 ’
457 4089 656 4176 Evangeliis‚
684 4089 737 4153 die
774 4086 942 4175 praedicto,
972 4109 1080 4152 coram
1114 4084 1279 4173 praedictis
1314 4083 1439 4169 Majore
1473 4085 1507 4145 et

456 4191 701 4271 Aldermannis,
717 4195 786 4269 etc,
802 4190 938 4277 quodsi
956 4190 1105 4270 fecerint,
1120 4195 1155 4254 et
1170 4207 1269 4275 super
1283 4185 1345 4252 hoc
1359 4183 1506 4272 legitime

457 4296 585 4382 possint
618 4295 779 4372 convinci,
818 4295 862 4361 ab
899 4291 1004 4360 officio
1035 4313 1096 4359 suo
1127 4293 1354 4369 amoveantur,
1378 4287 1504 4374 absque

457 4397 562 4466 officio
584 4399 695 4485 aliquo
716 4396 906 4464 rehabendo
928 4396 964 4460 in
986 4395 1143 4474 futurum,
1168 4398 1229 4460 etc

446 4780 448 4783 ·
504 4758 585 4812 ¹'ibe
606 4757 678 4811 word
697 4753 778 4810 rullus
805 4752 828 4807 lc
853 4751 958 4807 omitted
1037 4745 1176 4803 'Inhiber
1187 4727 1512 4814 ι11ῠιιε,“νειοηιιιηι,1ἲιιε.”Δ

457 4843 524 4896 berc.
562 4837 697 4893 dealiter
707 4835 829 4902 Althp.
843 4835 899 4886 404.
966 4847 968 4852 ’
