<?xml version="1.0" encoding="UTF-8"?>
<!DOCTYPE html PUBLIC "-//W3C//DTD XHTML 1.0 Transitional//EN"
    "http://www.w3.org/TR/xhtml1/DTD/xhtml1-transitional.dtd">
<html xmlns="http://www.w3.org/1999/xhtml" xml:lang="en" lang="en">
 <head>
  <title>
</title>
<meta http-equiv="Content-Type" content="text/html;charset=utf-8" />
  <meta name='ocr-system' content='tesseract 3.04.00' />
  <meta name='ocr-capabilities' content='ocr_page ocr_carea ocr_par ocr_line ocrx_word'/>
</head>
<body>
  <div class='ocr_page' id='page_1' title='image "./munimentagildha05librgoog_0256.png"; bbox 0 0 3648 5816; ppageno 0'>
   <div class='ocr_carea' id='block_1_1' title="bbox 487 883 1196 956">
    <p class='ocr_par' dir='ltr' id='par_1_1' title="bbox 487 883 1196 956">
     <span class='ocr_line' id='line_1_1' title="bbox 487 883 1196 956; baseline 0.011 -9"><span class='ocrx_word' id='word_1_1' title='bbox 487 883 529 947; x_wconf 88' lang='grc'><strong>98</strong></span> <span class='ocrx_word' id='word_1_2' title='bbox 823 899 927 952; x_wconf 79' lang='lat' dir='ltr'><strong>urnrn</strong></span> <span class='ocrx_word' id='word_1_3' title='bbox 949 899 1196 956; x_wconf 74' lang='lat' dir='ltr'><strong>cusrnusnuu.</strong></span> 
     </span>
    </p>
   </div>
   <div class='ocr_carea' id='block_1_2' title="bbox 342 1084 1513 1284">
    <p class='ocr_par' dir='ltr' id='par_1_2' title="bbox 342 1084 1513 1284">
     <span class='ocr_line' id='line_1_2' title="bbox 342 1084 1513 1182; baseline 0.008 -26"><span class='ocrx_word' id='word_1_4' title='bbox 342 1121 439 1169; x_wconf 58' lang='lat' dir='ltr'><strong>mr„</strong></span> <span class='ocrx_word' id='word_1_5' title='bbox 506 1085 783 1170; x_wconf 63' lang='lat' dir='ltr'><strong>Mammam,</strong></span> <span class='ocrx_word' id='word_1_6' title='bbox 807 1084 895 1177; x_wconf 77' lang='lat' dir='ltr'><strong>quid</strong></span> <span class='ocrx_word' id='word_1_7' title='bbox 917 1097 947 1157; x_wconf 83' lang='lat' dir='ltr'><strong>ct</strong></span> <span class='ocrx_word' id='word_1_8' title='bbox 970 1096 1143 1178; x_wconf 69' lang='lat' dir='ltr'><strong>quantana</strong></span> <span class='ocrx_word' id='word_1_9' title='bbox 1166 1089 1318 1162; x_wconf 66' lang='lat' dir='ltr'><strong>Clericus</strong></span> <span class='ocrx_word' id='word_1_10' title='bbox 1342 1093 1513 1182; x_wconf 60' lang='lat' dir='ltr'><strong>Capitulis</strong></span> 
     </span>
     <span class='ocr_line' id='line_1_3' title="bbox 557 1191 1465 1284; baseline 0.008 -24"><span class='ocrx_word' id='word_1_11' title='bbox 557 1191 801 1260; x_wconf 77' lang='lat' dir='ltr'><strong>Vicecomttcun</strong></span> <span class='ocrx_word' id='word_1_12' title='bbox 815 1193 1084 1262; x_wconf 77' lang='lat' dir='ltr'><strong>Lmadooa’urum</strong></span> <span class='ocrx_word' id='word_1_13' title='bbox 1106 1193 1216 1282; x_wconf 78' lang='lat' dir='ltr'><strong>cupiet</strong></span> <span class='ocrx_word' id='word_1_14' title='bbox 1233 1217 1298 1284; x_wconf 80' lang='lat' dir='ltr'><strong>per·</strong></span> <span class='ocrx_word' id='word_1_15' title='bbox 1319 1219 1465 1267; x_wconf 74' lang='lat' dir='ltr'><strong>crurum.</strong></span> 
     </span>
    </p>
   </div>
   <div class='ocr_carea' id='block_1_3' title="bbox 314 1371 1536 1568">
    <p class='ocr_par' dir='ltr' id='par_1_3' title="bbox 314 1371 1536 1568">
     <span class='ocr_line' id='line_1_4' title="bbox 316 1371 1536 1460; baseline 0.003 -20"><span class='ocrx_word' id='word_1_16' title='bbox 316 1404 470 1450; x_wconf 59' lang='lat' dir='ltr'>mmm..</span> <span class='ocrx_word' id='word_1_17' title='bbox 528 1371 693 1460; x_wconf 80' lang='lat' dir='ltr'><strong>Inprimis,</strong></span> <span class='ocrx_word' id='word_1_18' title='bbox 727 1372 887 1460; x_wconf 78' lang='lat' dir='ltr'><strong>Capitalis</strong></span> <span class='ocrx_word' id='word_1_19' title='bbox 925 1373 1071 1440; x_wconf 77' lang='lat' dir='ltr'><strong>Clericus</strong></span> <span class='ocrx_word' id='word_1_20' title='bbox 1100 1375 1198 1442; x_wconf 86' lang='lat' dir='ltr'><strong>unius</strong></span> <span class='ocrx_word' id='word_1_21' title='bbox 1229 1375 1439 1446; x_wconf 81' lang='lat' dir='ltr'><strong>Vicecomitis</strong></span> <span class='ocrx_word' id='word_1_22' title='bbox 1484 1403 1536 1448; x_wconf 85' lang='lat' dir='ltr'><strong>ac-</strong></span> 
     </span>
     <span class='ocr_line' id='line_1_5' title="bbox 314 1457 1532 1568; baseline -0.002 -16"><span class='ocrx_word' id='word_1_23' title='bbox 314 1457 471 1568; x_wconf 52' lang='lat' dir='ltr'><strong>ffii&#39;iim</strong></span> <span class='ocrx_word' id='word_1_24' title='bbox 483 1476 583 1562; x_wconf 83' lang='lat' dir='ltr'><strong>cipiet</strong></span> <span class='ocrx_word' id='word_1_25' title='bbox 612 1497 671 1564; x_wconf 84' lang='lat' dir='ltr'><strong>per</strong></span> <span class='ocrx_word' id='word_1_26' title='bbox 696 1497 828 1555; x_wconf 87' lang='lat' dir='ltr'><strong>annum,</strong></span> <span class='ocrx_word' id='word_1_27' title='bbox 852 1499 912 1564; x_wconf 90' lang='lat' dir='ltr'><strong>pro</strong></span> <span class='ocrx_word' id='word_1_28' title='bbox 941 1477 1115 1564; x_wconf 83' lang='lat' dir='ltr'><strong>stipendiis</strong></span> <span class='ocrx_word' id='word_1_29' title='bbox 1137 1479 1212 1560; x_wconf 86' lang='lat' dir='ltr'><strong>suis,</strong></span> <span class='ocrx_word' id='word_1_30' title='bbox 1237 1484 1371 1546; x_wconf 86' lang='lat' dir='ltr'><strong>eentum</strong></span> <span class='ocrx_word' id='word_1_31' title='bbox 1401 1483 1532 1566; x_wconf 86' lang='lat' dir='ltr'><strong>solidos,</strong></span> 
     </span>
    </p>
   </div>
   <div class='ocr_carea' id='block_1_4' title="bbox 314 1558 1533 2179">
    <p class='ocr_par' dir='ltr' id='par_1_4' title="bbox 314 1558 1533 2179">
     <span class='ocr_line' id='line_1_6' title="bbox 314 1558 1533 1702; baseline 0.007 -58"><span class='ocrx_word' id='word_1_32' title='bbox 314 1558 455 1702; x_wconf 52' lang='lat' dir='ltr'><strong>{fflm</strong></span> <span class='ocrx_word' id='word_1_33' title='bbox 482 1579 526 1645; x_wconf 83' lang='lat' dir='ltr'><strong>ad</strong></span> <span class='ocrx_word' id='word_1_34' title='bbox 548 1585 691 1665; x_wconf 89' lang='lat' dir='ltr'><strong>quatuor</strong></span> <span class='ocrx_word' id='word_1_35' title='bbox 719 1580 800 1644; x_wconf 86' lang='lat' dir='ltr'><strong>enni</strong></span> <span class='ocrx_word' id='word_1_36' title='bbox 824 1581 990 1659; x_wconf 88' lang='lat' dir='ltr'><strong>terminos,</strong></span> <span class='ocrx_word' id='word_1_37' title='bbox 1014 1603 1074 1668; x_wconf 88' lang='lat' dir='ltr'><strong>per</strong></span> <span class='ocrx_word' id='word_1_38' title='bbox 1103 1583 1244 1667; x_wconf 74' lang='lat' dir='ltr'><strong>aequales</strong></span> <span class='ocrx_word' id='word_1_39' title='bbox 1266 1584 1441 1670; x_wconf 73' lang='lat' dir='ltr'><strong>portiones.</strong></span> <span class='ocrx_word' id='word_1_40' title='bbox 1487 1588 1533 1654; x_wconf 87' lang='lat' dir='ltr'><strong>Et</strong></span> 
     </span>
     <span class='ocr_line' id='line_1_7' title="bbox 315 1681 1533 1773; baseline 0.007 -26"><span class='ocrx_word' id='word_1_41' title='bbox 315 1709 468 1756; x_wconf 60' lang='lat' dir='ltr'><strong>meroes.</strong></span> <span class='ocrx_word' id='word_1_42' title='bbox 482 1685 648 1768; x_wconf 68' lang='lat' dir='ltr'><strong>praeterea,</strong></span> <span class='ocrx_word' id='word_1_43' title='bbox 680 1681 818 1768; x_wconf 87' lang='lat' dir='ltr'><strong>accipiet</strong></span> <span class='ocrx_word' id='word_1_44' title='bbox 839 1683 881 1748; x_wconf 88' lang='lat' dir='ltr'><strong>de</strong></span> <span class='ocrx_word' id='word_1_45' title='bbox 908 1683 1041 1748; x_wconf 87' lang='lat' dir='ltr'><strong>domino</strong></span> <span class='ocrx_word' id='word_1_46' title='bbox 1070 1705 1131 1748; x_wconf 93' lang='lat' dir='ltr'><strong>suo</strong></span> <span class='ocrx_word' id='word_1_47' title='bbox 1158 1684 1240 1750; x_wconf 84' lang='lat' dir='ltr'><strong>dues</strong></span> <span class='ocrx_word' id='word_1_48' title='bbox 1269 1687 1366 1752; x_wconf 83' lang='lat' dir='ltr'><strong>robus</strong></span> <span class='ocrx_word' id='word_1_49' title='bbox 1391 1710 1450 1773; x_wconf 85' lang='lat' dir='ltr'><strong>per</strong></span> <span class='ocrx_word' id='word_1_50' title='bbox 1475 1711 1533 1756; x_wconf 84' lang='lat' dir='ltr'><strong>au-</strong></span> 
     </span>
     <span class='ocr_line' id='line_1_8' title="bbox 480 1783 1529 1868; baseline 0.008 -19"><span class='ocrx_word' id='word_1_51' title='bbox 480 1807 584 1866; x_wconf 90' lang='lat' dir='ltr'><strong>num;</strong></span> <span class='ocrx_word' id='word_1_52' title='bbox 609 1783 771 1862; x_wconf 87' lang='lat' dir='ltr'><strong>videlieet,</strong></span> <span class='ocrx_word' id='word_1_53' title='bbox 795 1805 896 1850; x_wconf 87' lang='lat' dir='ltr'><strong>unam</strong></span> <span class='ocrx_word' id='word_1_54' title='bbox 918 1785 961 1850; x_wconf 89' lang='lat' dir='ltr'><strong>ad</strong></span> <span class='ocrx_word' id='word_1_55' title='bbox 984 1784 1106 1852; x_wconf 77' lang='lat' dir='ltr'><strong>Natale</strong></span> <span class='ocrx_word' id='word_1_56' title='bbox 1128 1786 1288 1868; x_wconf 89' lang='lat' dir='ltr'><strong>Domini;</strong></span> <span class='ocrx_word' id='word_1_57' title='bbox 1311 1793 1347 1854; x_wconf 89' lang='lat' dir='ltr'><strong>et</strong></span> <span class='ocrx_word' id='word_1_58' title='bbox 1368 1788 1427 1854; x_wconf 88' lang='lat' dir='ltr'><strong>illa</strong></span> <span class='ocrx_word' id='word_1_59' title='bbox 1449 1792 1529 1857; x_wconf 82' lang='lat' dir='ltr'><strong>robe</strong></span> 
     </span>
     <span class='ocr_line' id='line_1_9' title="bbox 480 1886 1532 1976; baseline 0.007 -23"><span class='ocrx_word' id='word_1_60' title='bbox 480 1887 546 1954; x_wconf 88' lang='lat' dir='ltr'><strong>erit</strong></span> <span class='ocrx_word' id='word_1_61' title='bbox 566 1887 695 1953; x_wconf 75' lang='lat' dir='ltr'><strong>funeta</strong></span> <span class='ocrx_word' id='word_1_62' title='bbox 716 1908 791 1953; x_wconf 91' lang='lat' dir='ltr'><strong>cum</strong></span> <span class='ocrx_word' id='word_1_63' title='bbox 821 1886 968 1970; x_wconf 73' lang='lat' dir='ltr'><strong>tricator,⁸</strong></span> <span class='ocrx_word' id='word_1_64' title='bbox 998 1892 1059 1954; x_wconf 88' lang='lat' dir='ltr'><strong>eut</strong></span> <span class='ocrx_word' id='word_1_65' title='bbox 1080 1890 1219 1976; x_wconf 76' lang='lat' dir='ltr'><strong>accipiet</strong></span> <span class='ocrx_word' id='word_1_66' title='bbox 1248 1911 1308 1976; x_wconf 89' lang='lat' dir='ltr'><strong>pro</strong></span> <span class='ocrx_word' id='word_1_67' title='bbox 1329 1891 1443 1958; x_wconf 81' lang='lat' dir='ltr'><strong>firrura</strong></span> <span class='ocrx_word' id='word_1_68' title='bbox 1471 1915 1532 1960; x_wconf 85' lang='lat' dir='ltr'><strong>sua</strong></span> 
     </span>
     <span class='ocr_line' id='line_1_10' title="bbox 479 1991 1528 2078; baseline 0.007 -21"><span class='ocrx_word' id='word_1_69' title='bbox 479 2011 581 2057; x_wconf 86' lang='lat' dir='ltr'><strong>unam</strong></span> <span class='ocrx_word' id='word_1_70' title='bbox 610 2012 753 2056; x_wconf 86' lang='lat' dir='ltr'><strong>maroam</strong></span> <span class='ocrx_word' id='word_1_71' title='bbox 779 1992 917 2078; x_wconf 85' lang='lat' dir='ltr'><strong>argenti.</strong></span> <span class='ocrx_word' id='word_1_72' title='bbox 973 1991 1019 2058; x_wconf 84' lang='lat' dir='ltr'><strong>Et</strong></span> <span class='ocrx_word' id='word_1_73' title='bbox 1052 1991 1152 2058; x_wconf 86' lang='lat' dir='ltr'><strong>aliam</strong></span> <span class='ocrx_word' id='word_1_74' title='bbox 1183 1992 1298 2058; x_wconf 84' lang='lat' dir='ltr'><strong>robam</strong></span> <span class='ocrx_word' id='word_1_75' title='bbox 1324 1993 1461 2062; x_wconf 88' lang='lat' dir='ltr'><strong>habebit</strong></span> <span class='ocrx_word' id='word_1_76' title='bbox 1484 1998 1528 2064; x_wconf 86' lang='lat' dir='ltr'><strong>ad</strong></span> 
     </span>
     <span class='ocr_line' id='line_1_11' title="bbox 480 2093 1531 2179; baseline 0.008 -21"><span class='ocrx_word' id='word_1_77' title='bbox 480 2093 658 2170; x_wconf 78' lang='lat' dir='ltr'><strong>Pascham3</strong></span> <span class='ocrx_word' id='word_1_78' title='bbox 689 2098 724 2160; x_wconf 87' lang='lat' dir='ltr'><strong>et</strong></span> <span class='ocrx_word' id='word_1_79' title='bbox 753 2093 811 2158; x_wconf 91' lang='lat' dir='ltr'><strong>illa</strong></span> <span class='ocrx_word' id='word_1_80' title='bbox 839 2095 921 2160; x_wconf 89' lang='lat' dir='ltr'><strong>roba</strong></span> <span class='ocrx_word' id='word_1_81' title='bbox 949 2093 1015 2161; x_wconf 88' lang='lat' dir='ltr'><strong>erit</strong></span> <span class='ocrx_word' id='word_1_82' title='bbox 1037 2094 1160 2162; x_wconf 86' lang='lat' dir='ltr'><strong>lineata</strong></span> <span class='ocrx_word' id='word_1_83' title='bbox 1181 2117 1256 2162; x_wconf 87' lang='lat' dir='ltr'><strong>eum</strong></span> <span class='ocrx_word' id='word_1_84' title='bbox 1279 2097 1440 2179; x_wconf 83' lang='lat' dir='ltr'><strong>cindone;</strong></span> <span class='ocrx_word' id='word_1_85' title='bbox 1470 2105 1531 2166; x_wconf 88' lang='lat' dir='ltr'><strong>aut</strong></span> 
     </span>
    </p>
   </div>
   <div class='ocr_carea' id='block_1_5' title="bbox 480 2195 1083 2283">
    <p class='ocr_par' dir='ltr' id='par_1_5' title="bbox 480 2195 1083 2283">
     <span class='ocr_line' id='line_1_12' title="bbox 480 2195 1083 2283; baseline 0.002 -21"><span class='ocrx_word' id='word_1_86' title='bbox 480 2196 619 2282; x_wconf 83' lang='lat' dir='ltr'><strong>accipiet</strong></span> <span class='ocrx_word' id='word_1_87' title='bbox 640 2218 699 2283; x_wconf 93' lang='lat' dir='ltr'><strong>pro</strong></span> <span class='ocrx_word' id='word_1_88' title='bbox 722 2195 779 2262; x_wconf 89' lang='lat' dir='ltr'><strong>illa</strong></span> <span class='ocrx_word' id='word_1_89' title='bbox 800 2195 882 2262; x_wconf 87' lang='lat' dir='ltr'><strong>roba</strong></span> <span class='ocrx_word' id='word_1_90' title='bbox 902 2197 927 2261; x_wconf 90' lang='lat' dir='ltr'><strong>ii</strong></span> <span class='ocrx_word' id='word_1_91' title='bbox 951 2219 1083 2263; x_wconf 73' lang='lat' dir='ltr'><strong>merces</strong></span> 
     </span>
    </p>
   </div>
   <div class='ocr_carea' id='block_1_6' title="bbox 502 2541 1508 2716">
    <p class='ocr_par' dir='ltr' id='par_1_6' title="bbox 502 2541 1508 2716">
     <span class='ocr_line' id='line_1_13' title="bbox 502 2541 1508 2637; baseline -0.005 -20"><span class='ocrx_word' id='word_1_92' title='bbox 502 2549 683 2634; x_wconf 72' lang='lat' dir='ltr'><strong>Qawrttum</strong></span> <span class='ocrx_word' id='word_1_93' title='bbox 716 2541 957 2616; x_wconf 65' lang='lat' dir='ltr'><strong>secundarius</strong></span> <span class='ocrx_word' id='word_1_94' title='bbox 994 2549 1024 2610; x_wconf 82' lang='lat' dir='ltr'><strong>cl</strong></span> <span class='ocrx_word' id='word_1_95' title='bbox 1057 2541 1245 2637; x_wconf 67' lang='lat' dir='ltr'><strong>Sewieutes</strong></span> <span class='ocrx_word' id='word_1_96' title='bbox 1275 2543 1411 2632; x_wconf 79' lang='lat' dir='ltr'><strong>capient</strong></span> <span class='ocrx_word' id='word_1_97' title='bbox 1443 2567 1508 2634; x_wconf 82' lang='lat' dir='ltr'><strong>per</strong></span> 
     </span>
     <span class='ocr_line' id='line_1_14' title="bbox 762 2645 1243 2716; baseline -0.01 0"><span class='ocrx_word' id='word_1_98' title='bbox 762 2667 901 2716; x_wconf 80' lang='lat' dir='ltr'><strong>anuum</strong></span> <span class='ocrx_word' id='word_1_99' title='bbox 924 2669 947 2712; x_wconf 90' lang='lat' dir='ltr'><strong>o</strong></span> <span class='ocrx_word' id='word_1_100' title='bbox 968 2645 1134 2712; x_wconf 78' lang='lat' dir='ltr'><strong>Dominis</strong></span> <span class='ocrx_word' id='word_1_101' title='bbox 1158 2645 1243 2712; x_wconf 82' lang='lat' dir='ltr'><strong>cuis.</strong></span> 
     </span>
    </p>
   </div>
   <div class='ocr_carea' id='block_1_7' title="bbox 304 2827 1530 4848">
    <p class='ocr_par' dir='ltr' id='par_1_7' title="bbox 304 2827 1530 4848">
     <span class='ocr_line' id='line_1_15' title="bbox 308 2827 1526 2944; baseline 0.005 -52"><span class='ocrx_word' id='word_1_102' title='bbox 308 2848 439 2944; x_wconf 48' lang='lat' dir='ltr'><strong>nutura</strong></span> <span class='ocrx_word' id='word_1_103' title='bbox 523 2831 743 2901; x_wconf 67' lang='lat' dir='ltr'><strong>secundarius</strong></span> <span class='ocrx_word' id='word_1_104' title='bbox 765 2829 911 2900; x_wconf 82' lang='lat' dir='ltr'><strong>Clericus</strong></span> <span class='ocrx_word' id='word_1_105' title='bbox 928 2827 1141 2897; x_wconf 83' lang='lat' dir='ltr'><strong>Vicecomitis</strong></span> <span class='ocrx_word' id='word_1_106' title='bbox 1163 2829 1299 2896; x_wconf 76' lang='lat' dir='ltr'><strong>habebit</strong></span> <span class='ocrx_word' id='word_1_107' title='bbox 1322 2851 1526 2918; x_wconf 88' lang='lat' dir='ltr'><strong>perannum,</strong></span> 
     </span>
     <span class='ocr_line' id='line_1_16' title="bbox 308 2899 1530 3046; baseline 0.001 -45"><span class='ocrx_word' id='word_1_108' title='bbox 308 2899 446 3046; x_wconf 42' lang='grc' dir='ltr'><strong>ιὲῗηῗῗυᾰξὲα</strong></span> <span class='ocrx_word' id='word_1_109' title='bbox 476 2959 536 3026; x_wconf 91' lang='lat' dir='ltr'><strong>pro</strong></span> <span class='ocrx_word' id='word_1_110' title='bbox 558 2935 733 3023; x_wconf 89' lang='lat' dir='ltr'><strong>stipendiis</strong></span> <span class='ocrx_word' id='word_1_111' title='bbox 755 2934 830 3012; x_wconf 85' lang='lat' dir='ltr'><strong>suis,</strong></span> <span class='ocrx_word' id='word_1_112' title='bbox 854 2933 866 2998; x_wconf 98' lang='lat' dir='ltr'><strong>l</strong></span> <span class='ocrx_word' id='word_1_113' title='bbox 888 2932 1008 2998; x_wconf 89' lang='lat' dir='ltr'><strong>solidos</strong></span> <span class='ocrx_word' id='word_1_114' title='bbox 1030 2933 1074 2997; x_wconf 88' lang='lat' dir='ltr'><strong>ad</strong></span> <span class='ocrx_word' id='word_1_115' title='bbox 1096 2939 1239 3019; x_wconf 87' lang='lat' dir='ltr'><strong>quatuor</strong></span> <span class='ocrx_word' id='word_1_116' title='bbox 1263 2935 1344 2999; x_wconf 89' lang='lat' dir='ltr'><strong>anni</strong></span> <span class='ocrx_word' id='word_1_117' title='bbox 1370 2936 1530 3002; x_wconf 85' lang='lat' dir='ltr'><strong>terminos</strong></span> 
     </span>
     <span class='ocr_line' id='line_1_17' title="bbox 308 3015 1528 3148; baseline 0.008 -52"><span class='ocrx_word' id='word_1_118' title='bbox 308 3015 452 3148; x_wconf 49' lang='lat' dir='ltr'><strong>{fflipor</strong></span> <span class='ocrx_word' id='word_1_119' title='bbox 476 3039 679 3128; x_wconf 87' lang='lat' dir='ltr'><strong>principales,</strong></span> <span class='ocrx_word' id='word_1_120' title='bbox 703 3059 762 3125; x_wconf 88' lang='lat' dir='ltr'><strong>per</strong></span> <span class='ocrx_word' id='word_1_121' title='bbox 784 3035 926 3124; x_wconf 83' lang='lat' dir='ltr'><strong>aequales</strong></span> <span class='ocrx_word' id='word_1_122' title='bbox 947 3035 1122 3122; x_wconf 76' lang='lat' dir='ltr'><strong>portiones.</strong></span> <span class='ocrx_word' id='word_1_123' title='bbox 1170 3036 1216 3102; x_wconf 87' lang='lat' dir='ltr'><strong>Et</strong></span> <span class='ocrx_word' id='word_1_124' title='bbox 1241 3043 1406 3123; x_wconf 74' lang='lat' dir='ltr'><strong>p1aeteree,</strong></span> <span class='ocrx_word' id='word_1_125' title='bbox 1430 3037 1528 3106; x_wconf 85' lang='lat' dir='ltr'><strong>habe·</strong></span> 
     </span>
     <span class='ocr_line' id='line_1_18' title="bbox 307 3117 1527 3227; baseline 0 -18"><span class='ocrx_word' id='word_1_126' title='bbox 307 3117 382 3200; x_wconf 54' lang='lat' dir='ltr'><strong>ost</strong></span> <span class='ocrx_word' id='word_1_127' title='bbox 476 3143 528 3210; x_wconf 93' lang='lat' dir='ltr'><strong>bit</strong></span> <span class='ocrx_word' id='word_1_128' title='bbox 550 3143 632 3208; x_wconf 86' lang='lat' dir='ltr'><strong>duas</strong></span> <span class='ocrx_word' id='word_1_129' title='bbox 654 3140 753 3206; x_wconf 85' lang='lat' dir='ltr'><strong>robes</strong></span> <span class='ocrx_word' id='word_1_130' title='bbox 774 3159 989 3227; x_wconf 86' lang='lat' dir='ltr'><strong>perannum,</strong></span> <span class='ocrx_word' id='word_1_131' title='bbox 1011 3138 1125 3204; x_wconf 86' lang='lat' dir='ltr'><strong>eodem</strong></span> <span class='ocrx_word' id='word_1_132' title='bbox 1146 3139 1252 3218; x_wconf 70' lang='lat' dir='ltr'><strong>modo</strong></span> <span class='ocrx_word' id='word_1_133' title='bbox 1278 3143 1375 3206; x_wconf 82' lang='lat' dir='ltr'><strong>etad</strong></span> <span class='ocrx_word' id='word_1_134' title='bbox 1397 3143 1527 3209; x_wconf 83' lang='lat' dir='ltr'><strong>eosdem</strong></span> 
     </span>
     <span class='ocr_line' id='line_1_19' title="bbox 475 3240 1528 3329; baseline -0.001 -18"><span class='ocrx_word' id='word_1_135' title='bbox 475 3243 643 3322; x_wconf 83' lang='lat' dir='ltr'><strong>terminos,</strong></span> <span class='ocrx_word' id='word_1_136' title='bbox 674 3247 709 3309; x_wconf 88' lang='lat' dir='ltr'><strong>et</strong></span> <span class='ocrx_word' id='word_1_137' title='bbox 731 3243 772 3308; x_wconf 90' lang='lat' dir='ltr'><strong>de</strong></span> <span class='ocrx_word' id='word_1_138' title='bbox 802 3241 916 3307; x_wconf 90' lang='lat' dir='ltr'><strong>eodem</strong></span> <span class='ocrx_word' id='word_1_139' title='bbox 942 3241 1049 3327; x_wconf 85' lang='lat' dir='ltr'><strong>pretio</strong></span> <span class='ocrx_word' id='word_1_140' title='bbox 1073 3244 1173 3327; x_wconf 87' lang='lat' dir='ltr'><strong>prout</strong></span> <span class='ocrx_word' id='word_1_141' title='bbox 1197 3240 1359 3329; x_wconf 80' lang='lat' dir='ltr'><strong>Capitulis</strong></span> <span class='ocrx_word' id='word_1_142' title='bbox 1383 3243 1528 3311; x_wconf 81' lang='lat' dir='ltr'><strong>Clericus</strong></span> 
     </span>
     <span class='ocr_line' id='line_1_20' title="bbox 474 3341 1529 3435; baseline -0.002 -21"><span class='ocrx_word' id='word_1_143' title='bbox 474 3346 571 3435; x_wconf 83' lang='lat' dir='ltr'><strong>capit</strong></span> <span class='ocrx_word' id='word_1_144' title='bbox 618 3345 664 3412; x_wconf 86' lang='lat' dir='ltr'><strong>Et</strong></span> <span class='ocrx_word' id='word_1_145' title='bbox 686 3349 853 3432; x_wconf 81' lang='lat' dir='ltr'><strong>praeterea,</strong></span> <span class='ocrx_word' id='word_1_146' title='bbox 870 3341 1010 3430; x_wconf 71' lang='lat' dir='ltr'><strong>accipiet</strong></span> <span class='ocrx_word' id='word_1_147' title='bbox 1032 3365 1092 3430; x_wconf 93' lang='lat' dir='ltr'><strong>pro</strong></span> <span class='ocrx_word' id='word_1_148' title='bbox 1107 3342 1328 3410; x_wconf 78' lang='lat' dir='ltr'><strong>oblationibus</strong></span> <span class='ocrx_word' id='word_1_149' title='bbox 1349 3346 1417 3411; x_wconf 89' lang='lat' dir='ltr'><strong>suis</strong></span> <span class='ocrx_word' id='word_1_150' title='bbox 1432 3347 1529 3412; x_wconf 90' lang='lat' dir='ltr'><strong>dimi-</strong></span> 
     </span>
     <span class='ocr_line' id='line_1_21' title="bbox 475 3444 1526 3534; baseline 0.002 -19"><span class='ocrx_word' id='word_1_151' title='bbox 475 3449 565 3515; x_wconf 90' lang='lat' dir='ltr'><strong>diam</strong></span> <span class='ocrx_word' id='word_1_152' title='bbox 598 3469 743 3514; x_wconf 82' lang='lat' dir='ltr'><strong>marcam</strong></span> <span class='ocrx_word' id='word_1_153' title='bbox 776 3467 836 3534; x_wconf 89' lang='lat' dir='ltr'><strong>per</strong></span> <span class='ocrx_word' id='word_1_154' title='bbox 867 3467 1001 3523; x_wconf 86' lang='lat' dir='ltr'><strong>annum,</strong></span> <span class='ocrx_word' id='word_1_155' title='bbox 1037 3444 1200 3526; x_wconf 87' lang='lat' dir='ltr'><strong>videlicet,</strong></span> <span class='ocrx_word' id='word_1_156' title='bbox 1235 3446 1447 3514; x_wconf 84' lang='lat' dir='ltr'><strong>medietatem</strong></span> <span class='ocrx_word' id='word_1_157' title='bbox 1483 3451 1526 3517; x_wconf 84' lang='lat' dir='ltr'><strong>ad</strong></span> 
     </span>
     <span class='ocr_line' id='line_1_22' title="bbox 474 3547 1394 3619; baseline -0.004 0"><span class='ocrx_word' id='word_1_158' title='bbox 474 3551 597 3619; x_wconf 85' lang='lat' dir='ltr'><strong>Natale</strong></span> <span class='ocrx_word' id='word_1_159' title='bbox 620 3549 758 3616; x_wconf 90' lang='lat' dir='ltr'><strong>Domini</strong></span> <span class='ocrx_word' id='word_1_160' title='bbox 780 3555 815 3616; x_wconf 87' lang='lat' dir='ltr'><strong>et</strong></span> <span class='ocrx_word' id='word_1_161' title='bbox 837 3547 937 3614; x_wconf 82' lang='lat' dir='ltr'><strong>aliam</strong></span> <span class='ocrx_word' id='word_1_162' title='bbox 959 3547 1171 3613; x_wconf 83' lang='lat' dir='ltr'><strong>medietatem</strong></span> <span class='ocrx_word' id='word_1_163' title='bbox 1194 3547 1238 3612; x_wconf 91' lang='lat' dir='ltr'><strong>ad</strong></span> <span class='ocrx_word' id='word_1_164' title='bbox 1255 3548 1394 3616; x_wconf 43' lang='lat' dir='ltr'><strong>*Pascha</strong></span> 
     </span>
     <span class='ocr_line' id='line_1_23' title="bbox 304 3649 1524 3804; baseline -0.002 -83"><span class='ocrx_word' id='word_1_165' title='bbox 304 3699 434 3804; x_wconf 45' lang='lat' dir='ltr'><strong>when</strong></span> <span class='ocrx_word' id='word_1_166' title='bbox 518 3654 595 3720; x_wconf 91' lang='lat' dir='ltr'><strong>Duo</strong></span> <span class='ocrx_word' id='word_1_167' title='bbox 617 3652 797 3719; x_wconf 85' lang='lat' dir='ltr'><strong>servientes</strong></span> <span class='ocrx_word' id='word_1_168' title='bbox 818 3651 917 3716; x_wconf 85' lang='lat' dir='ltr'><strong>unius</strong></span> <span class='ocrx_word' id='word_1_169' title='bbox 934 3649 1146 3718; x_wconf 87' lang='lat' dir='ltr'><strong>Vicecomitis</strong></span> <span class='ocrx_word' id='word_1_170' title='bbox 1169 3650 1300 3737; x_wconf 86' lang='lat' dir='ltr'><strong>capient</strong></span> <span class='ocrx_word' id='word_1_171' title='bbox 1317 3671 1524 3738; x_wconf 84' lang='lat' dir='ltr'><strong>perannum,</strong></span> 
     </span>
     <span class='ocr_line' id='line_1_24' title="bbox 304 3753 1527 3949; baseline -0.002 -20"><span class='ocrx_word' id='word_1_172' title='bbox 304 3804 442 3949; x_wconf 53' lang='lat' dir='ltr'><strong>cuc</strong></span> <span class='ocrx_word' id='word_1_173' title='bbox 472 3755 825 3948; x_wconf 55' lang='lat' dir='ltr'><strong>ciuiuus</strong></span> <span class='ocrx_word' id='word_1_174' title='bbox 849 3753 1108 3943; x_wconf 49' lang='lat' dir='ltr'><strong>”icturi</strong></span> <span class='ocrx_word' id='word_1_175' title='bbox 1122 3758 1527 3943; x_wconf 55' lang='lat' dir='ltr'><strong>lllllllflntlll</strong></span> 
     </span>
     <span class='ocr_line' id='line_1_25' title="bbox 304 3952 1526 4047; baseline -0.003 -17"><span class='ocrx_word' id='word_1_176' title='bbox 304 3952 422 4006; x_wconf 53' lang='lat' dir='ltr'><strong>‘mm</strong></span> <span class='ocrx_word' id='word_1_177' title='bbox 472 3961 619 4043; x_wconf 89' lang='lat' dir='ltr'><strong>Domini,</strong></span> <span class='ocrx_word' id='word_1_178' title='bbox 653 3965 792 4047; x_wconf 84' lang='lat' dir='ltr'><strong>uterque</strong></span> <span class='ocrx_word' id='word_1_179' title='bbox 825 3979 947 4038; x_wconf 85' lang='lat' dir='ltr'><strong>eorum,</strong></span> <span class='ocrx_word' id='word_1_180' title='bbox 982 3979 1083 4022; x_wconf 88' lang='lat' dir='ltr'><strong>unam</strong></span> <span class='ocrx_word' id='word_1_181' title='bbox 1114 3959 1228 4024; x_wconf 89' lang='lat' dir='ltr'><strong>robam</strong></span> <span class='ocrx_word' id='word_1_182' title='bbox 1263 3959 1449 4042; x_wconf 66' lang='lat' dir='ltr'><strong>firmatam</strong></span> <span class='ocrx_word' id='word_1_183' title='bbox 1471 3962 1526 4028; x_wconf 88' lang='lat' dir='ltr'><strong>vel</strong></span> 
     </span>
     <span class='ocr_line' id='line_1_26' title="bbox 472 4061 1524 4154; baseline -0.003 -22"><span class='ocrx_word' id='word_1_184' title='bbox 472 4087 532 4154; x_wconf 89' lang='lat' dir='ltr'><strong>pro</strong></span> <span class='ocrx_word' id='word_1_185' title='bbox 554 4065 670 4130; x_wconf 83' lang='lat' dir='ltr'><strong>firrura</strong></span> <span class='ocrx_word' id='word_1_186' title='bbox 699 4083 759 4129; x_wconf 87' lang='lat' dir='ltr'><strong>sua</strong></span> <span class='ocrx_word' id='word_1_187' title='bbox 786 4061 958 4126; x_wconf 87' lang='lat' dir='ltr'><strong>dimidiam</strong></span> <span class='ocrx_word' id='word_1_188' title='bbox 988 4081 1139 4142; x_wconf 83' lang='lat' dir='ltr'><strong>marcam,</strong></span> <span class='ocrx_word' id='word_1_189' title='bbox 1171 4066 1311 4149; x_wconf 86' lang='lat' dir='ltr'><strong>uterque</strong></span> <span class='ocrx_word' id='word_1_190' title='bbox 1333 4083 1454 4144; x_wconf 90' lang='lat' dir='ltr'><strong>eorum,</strong></span> <span class='ocrx_word' id='word_1_191' title='bbox 1486 4065 1524 4129; x_wconf 86' lang='lat' dir='ltr'><strong>xl</strong></span> 
     </span>
     <span class='ocr_line' id='line_1_27' title="bbox 473 4163 1521 4251; baseline -0.005 -15"><span class='ocrx_word' id='word_1_192' title='bbox 473 4168 632 4236; x_wconf 87' lang='lat' dir='ltr'><strong>denarios</strong></span> <span class='ocrx_word' id='word_1_193' title='bbox 700 4163 746 4231; x_wconf 87' lang='lat' dir='ltr'><strong>Et</strong></span> <span class='ocrx_word' id='word_1_194' title='bbox 778 4169 945 4251; x_wconf 83' lang='lat' dir='ltr'><strong>praeterea,</strong></span> <span class='ocrx_word' id='word_1_195' title='bbox 974 4167 1112 4250; x_wconf 88' lang='lat' dir='ltr'><strong>uterque</strong></span> <span class='ocrx_word' id='word_1_196' title='bbox 1149 4185 1263 4230; x_wconf 89' lang='lat' dir='ltr'><strong>eorum</strong></span> <span class='ocrx_word' id='word_1_197' title='bbox 1300 4163 1438 4230; x_wconf 88' lang='lat' dir='ltr'><strong>habebit</strong></span> <span class='ocrx_word' id='word_1_198' title='bbox 1476 4167 1521 4231; x_wconf 85' lang='lat' dir='ltr'><strong>ad</strong></span> 
     </span>
     <span class='ocr_line' id='line_1_28' title="bbox 473 4265 1523 4344; baseline -0.005 -7"><span class='ocrx_word' id='word_1_199' title='bbox 473 4271 598 4337; x_wconf 79' lang='lat' dir='ltr'><strong>Pascha</strong></span> <span class='ocrx_word' id='word_1_200' title='bbox 620 4291 722 4334; x_wconf 88' lang='lat' dir='ltr'><strong>unam</strong></span> <span class='ocrx_word' id='word_1_201' title='bbox 744 4267 892 4333; x_wconf 84' lang='lat' dir='ltr'><strong>tunicum</strong></span> <span class='ocrx_word' id='word_1_202' title='bbox 914 4265 955 4332; x_wconf 79' lang='lat' dir='ltr'><strong>dc</strong></span> <span class='ocrx_word' id='word_1_203' title='bbox 977 4272 1083 4344; x_wconf 81' lang='lat' dir='ltr'><strong>catate,</strong></span> <span class='ocrx_word' id='word_1_204' title='bbox 1107 4266 1160 4332; x_wconf 89' lang='lat' dir='ltr'><strong>vel</strong></span> <span class='ocrx_word' id='word_1_205' title='bbox 1184 4266 1358 4332; x_wconf 87' lang='lat' dir='ltr'><strong>dimidiam</strong></span> <span class='ocrx_word' id='word_1_206' title='bbox 1380 4289 1523 4332; x_wconf 87' lang='lat' dir='ltr'><strong>marcam</strong></span> 
     </span>
     <span class='ocr_line' id='line_1_29' title="bbox 472 4369 1523 4462; baseline -0.006 -22"><span class='ocrx_word' id='word_1_207' title='bbox 472 4397 532 4462; x_wconf 91' lang='lat' dir='ltr'><strong>pro</strong></span> <span class='ocrx_word' id='word_1_208' title='bbox 554 4373 675 4440; x_wconf 81' lang='lat' dir='ltr'><strong>tunica</strong></span> <span class='ocrx_word' id='word_1_209' title='bbox 721 4370 768 4436; x_wconf 87' lang='lat' dir='ltr'><strong>Et</strong></span> <span class='ocrx_word' id='word_1_210' title='bbox 789 4373 961 4456; x_wconf 83' lang='lat' dir='ltr'><strong>praeterea,</strong></span> <span class='ocrx_word' id='word_1_211' title='bbox 984 4374 1124 4455; x_wconf 85' lang='lat' dir='ltr'><strong>uterque</strong></span> <span class='ocrx_word' id='word_1_212' title='bbox 1154 4391 1268 4434; x_wconf 87' lang='lat' dir='ltr'><strong>eorum</strong></span> <span class='ocrx_word' id='word_1_213' title='bbox 1295 4369 1440 4450; x_wconf 88' lang='lat' dir='ltr'><strong>habebit,</strong></span> <span class='ocrx_word' id='word_1_214' title='bbox 1463 4391 1523 4457; x_wconf 93' lang='lat' dir='ltr'><strong>pro</strong></span> 
     </span>
     <span class='ocr_line' id='line_1_30' title="bbox 471 4471 1525 4558; baseline -0.005 -16"><span class='ocrx_word' id='word_1_215' title='bbox 471 4474 694 4542; x_wconf 83' lang='lat' dir='ltr'><strong>oblationibus</strong></span> <span class='ocrx_word' id='word_1_216' title='bbox 716 4474 791 4552; x_wconf 91' lang='lat' dir='ltr'><strong>suis,</strong></span> <span class='ocrx_word' id='word_1_217' title='bbox 808 4473 860 4537; x_wconf 89' lang='lat' dir='ltr'><strong>iiii</strong></span> <span class='ocrx_word' id='word_1_218' title='bbox 882 4472 1002 4538; x_wconf 88' lang='lat' dir='ltr'><strong>solidos</strong></span> <span class='ocrx_word' id='word_1_219' title='bbox 1024 4495 1083 4558; x_wconf 87' lang='lat' dir='ltr'><strong>per</strong></span> <span class='ocrx_word' id='word_1_220' title='bbox 1104 4493 1228 4536; x_wconf 89' lang='lat' dir='ltr'><strong>annum</strong></span> <span class='ocrx_word' id='word_1_221' title='bbox 1239 4497 1248 4554; x_wconf 91' lang='lat'>;</span> <span class='ocrx_word' id='word_1_222' title='bbox 1274 4471 1437 4552; x_wconf 88' lang='lat' dir='ltr'><strong>videlicet,</strong></span> <span class='ocrx_word' id='word_1_223' title='bbox 1459 4494 1525 4538; x_wconf 73' lang='lat' dir='ltr'><strong>me</strong></span> 
     </span>
     <span class='ocr_line' id='line_1_31' title="bbox 470 4573 1520 4654; baseline -0.003 -11"><span class='ocrx_word' id='word_1_224' title='bbox 470 4579 628 4644; x_wconf 88' lang='lat' dir='ltr'><strong>dietatem</strong></span> <span class='ocrx_word' id='word_1_225' title='bbox 660 4577 703 4642; x_wconf 92' lang='lat' dir='ltr'><strong>ad</strong></span> <span class='ocrx_word' id='word_1_226' title='bbox 727 4576 855 4654; x_wconf 84' lang='lat' dir='ltr'><strong>Natale,</strong></span> <span class='ocrx_word' id='word_1_227' title='bbox 891 4579 925 4640; x_wconf 88' lang='lat' dir='ltr'><strong>et</strong></span> <span class='ocrx_word' id='word_1_228' title='bbox 956 4575 1056 4640; x_wconf 86' lang='lat' dir='ltr'><strong>aliam</strong></span> <span class='ocrx_word' id='word_1_229' title='bbox 1089 4575 1300 4640; x_wconf 81' lang='lat' dir='ltr'><strong>medietatem</strong></span> <span class='ocrx_word' id='word_1_230' title='bbox 1322 4573 1366 4638; x_wconf 88' lang='lat' dir='ltr'><strong>ad</strong></span> <span class='ocrx_word' id='word_1_231' title='bbox 1389 4573 1520 4640; x_wconf 83' lang='lat' dir='ltr'><strong>Pascha.</strong></span> 
     </span>
     <span class='ocr_line' id='line_1_32' title="bbox 471 4676 1526 4746; baseline -0.004 -1"><span class='ocrx_word' id='word_1_232' title='bbox 471 4681 517 4746; x_wconf 86' lang='lat' dir='ltr'><strong>Et</strong></span> <span class='ocrx_word' id='word_1_233' title='bbox 538 4683 671 4744; x_wconf 85' lang='lat' dir='ltr'><strong>tentum</strong></span> <span class='ocrx_word' id='word_1_234' title='bbox 701 4679 807 4744; x_wconf 85' lang='lat' dir='ltr'><strong>solvet</strong></span> <span class='ocrx_word' id='word_1_235' title='bbox 831 4677 915 4744; x_wconf 88' lang='lat' dir='ltr'><strong>alius</strong></span> <span class='ocrx_word' id='word_1_236' title='bbox 939 4677 1126 4743; x_wconf 88' lang='lat' dir='ltr'><strong>Vicecomes</strong></span> <span class='ocrx_word' id='word_1_237' title='bbox 1157 4676 1294 4744; x_wconf 80' lang='lat' dir='ltr'><strong>Clericis</strong></span> <span class='ocrx_word' id='word_1_238' title='bbox 1325 4682 1361 4742; x_wconf 89' lang='lat' dir='ltr'><strong>et</strong></span> <span class='ocrx_word' id='word_1_239' title='bbox 1382 4677 1526 4743; x_wconf 90' lang='lat' dir='ltr'><strong>servien-</strong></span> 
     </span>
     <span class='ocr_line' id='line_1_33' title="bbox 470 4783 660 4848; baseline -0.005 0"><span class='ocrx_word' id='word_1_240' title='bbox 470 4783 560 4848; x_wconf 89' lang='lat' dir='ltr'><strong>tibus</strong></span> <span class='ocrx_word' id='word_1_241' title='bbox 583 4783 660 4847; x_wconf 87' lang='lat' dir='ltr'><strong>suis.</strong></span> 
     </span>
    </p>
   </div>
   <div class='ocr_carea' id='block_1_8' title="bbox 869 4927 1120 4950">
    <p class='ocr_par' dir='ltr' id='par_1_8' title="bbox 869 4927 1120 4950">
     <span class='ocr_line' id='line_1_34' title="bbox 869 4927 1118 4938; baseline -0.008 -2"><span class='ocrx_word' id='word_1_242' title='bbox 869 4927 1118 4938; x_wconf 73' lang='lat'><em>-—-.-——-—-</em></span> 
     </span>
     <span class='ocr_line' id='line_1_35' title="bbox 883 4941 1120 4950; baseline -0.013 0"><span class='ocrx_word' id='word_1_243' title='bbox 883 4941 1120 4950; x_wconf 58' lang='lat'>---———.</span> 
     </span>
    </p>
   </div>
   <div class='ocr_carea' id='block_1_9' title="bbox 0 0 1828 5816">
    <p class='ocr_par' dir='ltr' id='par_1_9' title="bbox 0 0 1828 5816">
     <span class='ocr_line' id='line_1_36' title="bbox 0 0 1828 5816; baseline 0 3"><span class='ocrx_word' id='word_1_244' title='bbox 0 0 1828 5816; x_wconf 95' lang='lat' dir='ltr'><strong> </strong></span> 
     </span>
    </p>
   </div>
  </div>
 </body>
</html>
