3600 5822
254 867 296 932 12
312 879 398 930 unu.
414 863 469 951 11.]
494 877 654 932 cururnn
669 881 940 933 courruumoer
955 883 1000 932 or
1014 883 1161 934 enwrnn
1177 885 1213 934 11.
1237 869 1303 938 257

255 1073 273 1100 “
298 1065 530 1132 ‘libertatibus
545 1087 628 1152 quas
642 1067 699 1132 ulii
715 1067 803 1134 cives
820 1069 1067 1136 Londoniurum
1082 1068 1214 1136 habent.
1248 1069 1303 1136 Ita

253 1173 272 1204 “
296 1169 451 1248 ‘scilicet
470 1169 558 1255 quod
583 1169 630 1234 hii
654 1169 711 1255 qui
737 1193 797 1256 pro
811 1175 958 1258 tempore
981 1171 1107 1237 fuerint
1123 1171 1302 1237 Viceoomi-

253 1277 271 1304 “
296 1275 369 1337 ‘tes
380 1271 562 1348 constituti,
586 1271 614 1336 si
630 1272 763 1358 aliquod
779 1271 936 1339 delicium
951 1273 1089 1340 fecerint
1104 1273 1192 1338 unde
1208 1275 1302 1338 mise·

253 1379 271 1409 “
295 1373 493 1442 ‘ricordiam
508 1374 657 1461 peourfioe
679 1374 847 1441 incurrere
863 1374 1015 1452 debeant,
1028 1395 1094 1440 non
1107 1374 1302 1460 judicentur

252 1483 270 1511 ‘⁴
294 1474 361 1540 ‘ad
376 1475 450 1562 plus
464 1477 528 1541 nisi
539 1477 583 1541 od
597 1475 854 1543 misericordiam
870 1499 919 1541 xx
932 1477 1101 1557 librarum,
1117 1483 1152 1544 et
1161 1476 1302 1543 hoesine

252 1584 270 1611 “
294 1577 438 1643 ‘damno
461 1577 600 1644 oliorum
624 1579 756 1656 civium,
780 1578 1041 1645 siVioecomitcs
1056 1600 1124 1644 non
1139 1579 1302 1645 sufficiant

251 1685 269 1713 “
295 1679 362 1744 ‘ed
392 1679 688 1746 misericordiarum
723 1701 857 1746 suarum
887 1680 1093 1746 solutionem.
1154 1681 1191 1746 Si
1222 1703 1301 1748 vero

249 1785 268 1817 “
292 1781 442 1868 ‘aliquid
468 1781 626 1848 delictum
649 1781 796 1862 fecerint,
819 1805 878 1868 per
900 1783 988 1868 quod
1017 1783 1197 1870 periculum
1220 1785 1300 1850 vitoe

249 1887 268 1918 “
292 1882 369 1951 ‘vel
403 1885 625 1950 membrorum
654 1884 819 1950 incurrere
850 1885 1001 1964 debeant,
1028 1885 1219 1970 judicentur
1252 1908 1301 1950 se-

251 1991 270 2021 “
295 1987 464 2052 ‘cundum
490 1986 578 2073 quod
600 1985 745 2072 judicari
769 1986 899 2066 debent,
931 2008 989 2074 per
1014 1987 1121 2074 legem
1143 1988 1300 2054 civitatis.

251 2094 269 2123 “
294 2088 369 2153 ‘De
390 2088 456 2154 hiis
491 2094 602 2154 autem
633 2111 707 2176 quse
734 2088 778 2154 ad
801 2088 1076 2154 Viceeomitotum
1106 2089 1301 2176 praedictum

249 2195 268 2226 “
294 2191 492 2276 ‘pertinent
532 2191 753 2278 respondeant
776 2191 991 2256 Vieecomites
1022 2191 1065 2256 ad
1096 2191 1300 2258 Soaeoan'um

252 2300 269 2326 “
294 2297 476 2372 ‘nostrum
501 2314 611 2358 coram
643 2293 667 2359 J
669 2293 848 2358 usticiariis
878 2293 1023 2374 nostris;
1046 2293 1146 2358 salvis
1178 2293 1299 2360 eisdem

252 2399 269 2429 “
296 2393 572 2462 ‘Vioeoomitibus
596 2395 807 2460 libertatibus
833 2416 915 2480 quas
941 2395 998 2460 alii
1021 2395 1108 2460 cives
1135 2395 1298 2461 Londoni-

251 2505 269 2532 “
294 2505 410 2560 ‘arum
440 2497 572 2563 habent.
633 2496 732 2562 Hanc
753 2517 832 2561 vero
856 2496 1094 2562 concessionem
1124 2501 1158 2562 et
1184 2497 1299 2562 confir-

251 2602 270 2634 “
295 2598 498 2664 ‘mationem
536 2597 671 2664 fecimus
708 2597 835 2664 civibus
873 2598 1129 2678 Londoniarum,
1168 2603 1301 2686 propter

250 2707 269 2733 ‘¹
294 2700 581 2767 ‘emendationem
604 2699 751 2786 ejusdem
777 2699 931 2779 civitatis,
961 2705 996 2766 et
1018 2699 1097 2786 quia
1115 2700 1301 2786 antiquitus

251 2810 268 2836 “
292 2803 486 2870 ‘consuevit
507 2824 576 2868 esse
599 2801 643 2868 ad
664 2802 794 2867 firmam
814 2821 875 2888 pro
897 2823 949 2868 ccc
964 2802 1064 2868 libris.
1112 2803 1220 2884 Quare
1243 2825 1301 2869 vo-

251 2913 268 2940 “
293 2905 432 2985 ‘lumus,
450 2909 485 2971 et
499 2905 638 2970 firmiter
652 2904 869 2991 praecipimus,
886 2904 975 2991 quod
1002 2904 1090 2970 cives
1113 2905 1299 2970 Londonia

250 3015 266 3042 “
291 3017 387 3073 ‘rum
405 3014 441 3073 et
461 3007 606 3074 haeredes
628 3007 680 3073 sui
704 3006 900 3094 praedictum
917 3006 1192 3074 Vicecomitetum
1213 3007 1300 3072 Lon-

251 3115 267 3144 “
293 3109 489 3175 ‘doniarum
511 3115 545 3176 et
569 3109 807 3188 Middelsexiae,
830 3130 905 3174 cum
928 3107 1081 3174 omnibus
1104 3109 1148 3172 ad
1174 3110 1300 3173 dietum

251 3216 269 3247 “
295 3211 591 3278 ‘Vicecomitetum
617 3211 869 3298 pertinentibus,
892 3210 1087 3277 habeantet
1107 3215 1245 3275 teneant
1259 3210 1300 3274 de

250 3319 269 3349 “
293 3313 411 3379 ‘nobis
434 3319 468 3380 et
494 3313 679 3381 haeredibus
704 3313 826 3378 nostris
850 3313 1003 3392 finaliter,
1027 3317 1062 3378 et
1083 3312 1300 3392 haereditarie,

251 3421 270 3452 “
294 3420 353 3480 ‘et
375 3417 494 3502 quiete,
517 3415 702 3494 honorifice,
727 3421 761 3482 et
784 3415 922 3502 integre,
945 3437 1003 3502 per
1029 3414 1221 3503 praedictum
1243 3414 1298 3478 fir-

251 3523 270 3554 “
294 3524 406 3583 ‘mam
439 3539 492 3584 ccc
523 3518 690 3596 librarum,
715 3519 801 3584 sicut
825 3517 950 3584 Charta
978 3517 1082 3604 patris
1111 3515 1218 3581 nostri
1240 3516 1299 3581 Jo-

250 3625 269 3655 “
293 3621 444 3699 ‘hannis
477 3620 615 3686 illustris
647 3620 747 3708 Regis
778 3619 918 3708 Angites,
952 3640 1052 3705 quam
1086 3619 1297 3707 inspeximus,

252 3728 270 3758 “
295 3727 467 3789 ‘testatur
523 3723 569 3787 Et
591 3721 803 3810 prohibemus
838 3744 880 3787 ne
904 3722 1022 3808 aliquis
1052 3721 1180 3788 civibus
1213 3721 1298 3786 Lon-

253 3831 270 3861 “
295 3825 489 3890 ‘doniarum
514 3824 648 3909 aliquod
668 3845 857 3911 gravamen,
873 3824 928 3889 vel
949 3823 1230 3911 impedimentum,
1245 3822 1300 3889 vel

251 3932 270 3962 “
293 3926 580 4006 ‘diminutionem
606 3925 648 3992 de
682 3926 746 3992 hiis
778 3948 852 4013 quse
874 3925 918 3990 ad
949 3925 1144 4012 praedictum
1166 3926 1299 3992 Vioeco-

251 4035 270 4066 “
295 4029 474 4096 ‘mitatunr
511 4029 687 4116 pertinent,
719 4029 774 4094 vel
807 4028 972 4117 pertinere
1003 4029 1161 4109 solebant,
1193 4027 1299 4093 faeere

250 4138 268 4166 “
292 4135 501 4216 ‘presumas
539 4128 699 4197 Volumus
722 4131 831 4210 etiam,
856 4137 891 4197 et
920 4130 1135 4217 praecipimus,
1161 4128 1299 4214 quodsi

250 4240 268 4271 “
292 4238 375 4299 ‘nos
408 4232 463 4299 vel
485 4233 631 4300 haeredes
664 4233 777 4311 nostri,
800 4233 854 4298 vel
889 4233 1008 4319 aliquis
1033 4231 1298 4298 Justiciariorum

253 4344 270 4374 “
295 4340 513 4416 ‘nostrorum
525 4335 651 4423 aliquid
665 4334 853 4402 dederimus
868 4336 922 4400 vel
933 4335 1186 4401 concesserimus
1201 4333 1299 4400 alicui

249 4446 267 4473 “
292 4437 356 4504 ‘de
378 4437 442 4504 hiis
464 4459 538 4523 quae
561 4438 604 4502 ad
625 4437 756 4502 firmam
777 4437 927 4523 praedicti
950 4436 1205 4502 vicecomitatus
1227 4457 1300 4523 per-

251 4547 269 4576 “
294 4540 436 4619 ‘tinent
464 4539 549 4605 illud
570 4538 700 4605 civibus
722 4537 969 4604 Londoniarum
992 4537 1029 4602 in
1057 4537 1300 4623 acquietatione

251 4649 270 4677 “
292 4641 422 4708 ‘firmae
445 4663 513 4708 suae
538 4642 583 4707 ed
607 4640 813 4708 Scaecarium
835 4643 987 4706 nostrum
1014 4640 1190 4704 annuatim
1213 4662 1300 4705 com·

252 4748 271 4779 “
294 4747 303 4780 ‘
317 4749 465 4830 putetur,
476 4744 563 4814 sicut
578 4743 705 4814 Charta
719 4741 855 4810 Domini
876 4741 900 4807 J
902 4740 1050 4820 ohannis,
1068 4740 1179 4829 Regis,
1194 4742 1299 4830 patris

337 4861 414 4914 VOL
430 4863 465 4914 Il.
1143 4861 1166 4911 B
