3624 5824
457 903 521 972 206
791 917 895 972 orans
916 915 1160 972 weruuraou
1320 905 1378 996 [31
1391 923 1475 978 rou.
1488 923 1510 978 1.

457 1117 477 1146 “
498 1107 711 1177 mercandisis
725 1106 794 1176 suis
808 1108 1080 1198 quibuscumque,
1097 1111 1139 1178 de
1154 1111 1318 1202 Muragio,
1335 1111 1508 1204 Pontagio,

285 1213 405 1318 ffffipiw
457 1218 477 1252 “
498 1219 534 1280 et
558 1211 752 1301 ¹Pannagio
767 1213 865 1280 liberi
880 1219 915 1280 et
929 1215 1043 1300 quieti.
1091 1215 1253 1303 Quodque
1267 1215 1355 1282 infra
1385 1215 1509 1284 'iidem

287 1315 444 1412 ffi'hd*
457 1325 475 1354 “
497 1339 637 1405 regnum
659 1321 694 1382 et
716 1321 915 1404 potestatem
937 1323 1085 1384 nostram
1107 1319 1145 1384 in
1167 1318 1370 1398 civitatibus,
1385 1320 1508 1408 burgis,

457 1429 476 1458 “
498 1427 532 1486 et
563 1419 653 1486 villis
689 1421 891 1486 mercatoriis
920 1422 1048 1508 possint
1084 1422 1231 1503 mercari,
1270 1422 1438 1491 duntaxat
1472 1425 1509 1489 in

457 1532 475 1560 “
496 1545 619 1612 grosso,
643 1528 714 1588 tem
737 1545 812 1589 cum
834 1523 1002 1612 indigenis
1024 1545 1083 1590 seu
1106 1526 1221 1592 incolis
1244 1527 1392 1614 ejusdem
1413 1528 1509 1616 regni

456 1633 475 1664 “
497 1631 532 1692 et
553 1627 730 1714 potestatis
752 1631 876 1692 nostrae
898 1627 1074 1715 praedictae,
1099 1649 1199 1714 quam
1219 1651 1293 1695 cum
1315 1630 1509 1718 alienigenis

457 1737 476 1766 “
497 1729 671 1807 extraneis,
695 1729 750 1796 vel
772 1729 932 1818 privatis:
961 1730 1011 1796 ita
1032 1736 1155 1810 tamen,
1179 1732 1268 1818 quod
1291 1753 1413 1799 merces
1435 1755 1508 1820 quse

456 1839 474 1868 “
497 1831 679 1920 vulgariter
695 1831 893 1899 ‘mercerioe'
915 1838 1085 1914 vocantur,
1102 1856 1141 1900 ac
1164 1834 1327 1921 ‘species’
1349 1837 1507 1902 mutatim

456 1942 476 1972 “
497 1933 596 2002 vendi
618 1937 754 2023 possint,
779 1940 879 2023 prout
901 1937 1001 2002 anteo
1017 1935 1091 2002 fieri
1113 1936 1293 2003 consuevit
1350 1933 1396 2004 Et
1419 1939 1508 2026 quod

457 2047 475 2075 ‘¹
497 2059 610 2106 omnes
640 2039 790 2127 praedicti
827 2041 1026 2106 mercatores
1059 2040 1279 2106 mercandisas
1317 2061 1404 2120 suas,
1427 2063 1509 2128 quas

286 2162 299 2193 θ
395 2223 404 2235 ·
456 2143 585 2231 “ipsos
607 2139 651 2208 ad
672 2141 868 2232 praedictum
892 2164 1031 2230 regnum
1061 2147 1096 2209 et
1125 2147 1325 2230 potestatem
1357 2147 1507 2208 nostram

301 2251 341 2296 ''e-
456 2255 474 2283 “
496 2246 666 2325 adducere,
677 2269 735 2312 seu
746 2245 834 2312 infra
845 2245 933 2311 idem
949 2267 1088 2334 regnum
1101 2251 1136 2312 et
1150 2251 1348 2334 potestatem
1362 2251 1509 2313 nostram

455 2355 475 2388 “
499 2371 614 2430 emere,
638 2351 693 2417 vel
727 2349 809 2414 alias
847 2348 1032 2436 adquirere,
1061 2349 1248 2437 contigerit,
1284 2349 1419 2437 possint,
1443 2371 1509 2436 quo

455 2459 472 2491 “
495 2453 672 2531 voluerint,
696 2455 767 2518 tem
789 2451 877 2518 infra
906 2474 1046 2539 regnum
1074 2458 1108 2520 et
1130 2457 1330 2541 potestatem
1359 2457 1509 2519 nostram

455 2555 687 2644 “praedictam
723 2577 822 2642 quam
852 2559 958 2638 extra,
986 2555 1104 2622 ducere
1138 2578 1195 2622 seu
1224 2561 1357 2646 portare
1391 2555 1507 2633 facere,

456 2663 717 2747 “praeterquam
747 2658 790 2723 ad
819 2662 924 2724 terras
955 2657 1204 2725 manifestorum
1237 2663 1272 2724 et
1302 2659 1509 2726 notoriorum

457 2769 474 2798 “
497 2761 643 2828 hostium
665 2766 854 2827 nostrorum
878 2768 912 2829 et
934 2762 1029 2849 regni
1056 2763 1170 2842 nostri,
1194 2761 1352 2828 solvendo
1375 2785 1508 2829 consue-

456 2875 474 2902 “
496 2861 629 2933 tudines
645 2887 728 2952 quas
739 2865 909 2932 debebunt
920 2890 929 2945 ;
951 2865 1040 2930 vinis
1064 2863 1234 2932 duntaxat
1255 2866 1409 2953 exceptis,
1435 2887 1510 2950 quoe

457 2977 475 3005 “
497 2970 538 3035 de
561 2967 676 3034 eodem
698 2990 799 3055 regno
822 2989 881 3034 seu
902 2971 1068 3056 potestate
1091 2973 1211 3048 nostra
1228 2973 1406 3055 postquam
1422 2967 1509 3032 infra

455 3080 475 3109 “
495 3067 616 3136 ’iidem
631 3091 771 3158 reguum
786 3092 845 3136 seu
859 3073 1059 3157 potestatem
1074 3077 1224 3138 nostram
1247 3070 1348 3137 ducta
1370 3069 1504 3150 fuerint,

457 3181 475 3210 “
495 3173 566 3242 sine
589 3172 763 3240 voluntate
784 3179 900 3239 nostra
929 3177 965 3240 et
994 3171 1131 3240 licentia
1155 3171 1298 3261 speciali,
1322 3195 1390 3239 non
1412 3173 1509 3238 liceat

456 3285 474 3315 “
496 3277 543 3344 eis
565 3275 703 3343 educere
726 3275 957 3363 quoquomodo
979 3273 1085 3343 factae.
1132 3276 1229 3355 Item,
1254 3273 1343 3362 quod
1357 3275 1509 3362 praedicti

456 3385 475 3418 “
497 3385 693 3447 mercatores
707 3380 745 3446 in
760 3377 963 3461 civitatibus,
972 3379 1096 3466 borgia,
1108 3384 1142 3444 et
1156 3378 1247 3444 villis
1261 3377 1433 3466 predicis,
1450 3400 1510 3465 pro

285 3511 408 3654 acidia
457 3490 476 3622 :1
495 3479 1510 3675 {tttttttttfflttdtdttdtttt

285 3661 439 3765 asapius
457 3693 477 3726 u
499 3637 623 3755 ads
672 3663 675 3670 ’

283 3811 445 3908 qeqmrmu
502 3797 522 3828 “
545 3791 642 3873 Item,
658 3789 747 3877 quod
770 3789 910 3876 quidibet
933 3792 1122 3856 contractus
1137 3809 1195 3875 per
1210 3787 1297 3876 ipsos
1311 3793 1509 3856 mercatores

285 3875 418 3958 mediiis
458 3903 477 3934 “
500 3918 574 3963 cum
589 3895 838 3983 quibuscunque
853 3895 1009 3983 personis,
1025 3892 1244 3979 undecunque
1259 3892 1395 3974 fuerint,
1411 3915 1510 3982 super

284 3965 422 4008 mmmm·

285 4015 443 4110 ingdqcoranc
457 4006 476 4038 “
499 4021 704 4087 quocumque
731 4018 850 4086 genere
886 3995 1106 4077 mercandisa,
1134 3995 1237 4080 initis,
1265 3997 1380 4062 firmus
1403 3995 1448 4062 sit
1475 4002 1510 4062 et

285 4067 443 4161 ffiffim'
456 4113 475 4142 “
497 4103 645 4185 stabilis;
676 4101 726 4168 ite
758 4102 847 4188 quod
877 4107 996 4168 neuter
1026 4099 1261 4188 praedictorum
1290 4103 1511 4167 mercatorum

285 4167 348 4222 m
456 4214 476 4246 “
499 4209 541 4274 ab
556 4207 613 4272 illo
630 4209 803 4273 contractu
817 4206 921 4292 possit
936 4205 1101 4271 discedere
1119 4203 1171 4269 vel
1185 4201 1319 4283 resilire,
1335 4208 1511 4290 postquam

284 4339 408 4386 incusor
459 4310 653 4378 “denarius
676 4309 741 4375 Dei
764 4309 853 4374 inter
874 4307 1070 4395 principales
1092 4329 1247 4394 personas
1277 4305 1511 4373 contrahentes

283 4391 445 4486 &duffii
459 4423 477 4452 “
499 4415 601 4481 datus
616 4412 720 4478 fuerit
735 4417 770 4478 et
784 4415 943 4499 receptus.
990 4410 1036 4477 Et
1051 4410 1080 4476 si
1095 4409 1208 4476 forsan
1223 4432 1320 4497 super
1336 4413 1512 4476 contractu

285 4493 444 4648 ffiffioq
458 4527 476 4556 “
497 4515 689 4606 hujusmodi
718 4515 888 4583 contentio
919 4513 1055 4594 oriatur,
1080 4513 1142 4578 fiat
1171 4510 1251 4578 inde
1280 4512 1433 4602 probatio
1456 4513 1511 4580 vel

286 2684 392 2880 ἓξὲξ

301 2849 396 2989 {0227

333 2757 429 2830 mh

286 2868 424 2940 ueiooc

286 2989 362 3234 εέ-’ξ-ΞΞ

349 2999 418 3132 ῑέξ

285 3409 319 3454 ξ
285 3102 332 3336 ξεεὲε
285 2951 306 3032 <0

311 3139 387 3337 ἓξὲξ

285 3472 322 3553 εξ

319 3407 405 3503 {3}

488 4857 634 4912 ’Λυαῖον
643 4859 765 4928 probably
773 4859 814 4912 ior
820 4856 935 4926 ponceio.
975 4853 981 4925 Ι
1027 4853 1121 4908 ’Scin
1132 4855 1177 4908 the
1186 4854 1301 4924 original.
