3648 5816
292 905 337 970 26
360 919 444 970 sno.
461 901 500 990 1.]
524 917 614 970 wien
637 917 677 968 ru
699 915 901 968 nnrnsnuen
922 915 966 967 ro
988 917 1058 966 rns
1080 917 1242 969 rennues.
1279 897 1345 970 127

410 1225 461 1293 De
486 1221 718 1293 Ordinatione
739 1220 1229 1293 doloremmeum.

338 1423 502 1491 Dominus
539 1421 614 1490 Rex
651 1423 824 1490 mandevit
855 1422 996 1490 Custodi
1027 1430 1061 1490 et
1091 1423 1345 1491 Vicecomitibus
1358 1433 1509 1538 eiiii-¹³¹

293 1525 540 1592 Londonierum
562 1525 663 1593 breve
684 1547 790 1606 suum,
814 1521 850 1590 in
871 1526 942 1592 haec
963 1527 1066 1592 verbe
1079 1551 1134 1592 :—
1358 1537 1443 1580 cml
1573 1545 1577 1552 ·

1358 1601 1372 1632 0
1400 1569 1465 1682 mg}
1473 1599 1512 1632 en·

339 1635 359 1666 “
381 1627 575 1710 Edwardus,
599 1627 663 1693 Dei
691 1627 808 1714 gretie,
833 1627 907 1692 Rex
930 1627 1072 1714 Angliae,
1096 1627 1259 1694 Dominus
1282 1627 1373 1693 Hic
1399 1651 1426 1691 rr

293 1739 311 1766 “
334 1731 466 1808 bernice,
484 1737 519 1798 et
542 1731 624 1796 Dux
639 1729 865 1816 Aquitenniae,
887 1729 1027 1796 Custodi
1043 1736 1078 1797 et
1092 1729 1348 1797 vicecomitibus
1360 1701 1463 1834 3)ξίιῖιῇ
1476 1741 1510 1834 13

294 1841 313 1872 ‘¹
336 1833 593 1912 londoniarum
619 1831 769 1900 salutem.
816 1831 902 1899 Cum
924 1853 968 1899 ex
990 1833 1085 1920 gravi
1108 1833 1241 1920 querele
1263 1833 1345 1900 wil·
1361 1803 1510 1946 ilidii,

295 1943 313 1974 ‘³
334 1935 426 2002 lelmi
450 1935 600 2002 Bernerd
616 1941 651 2002 et
666 1933 751 2002 Adue
766 1933 923 2014 Absolon,
952 1933 1076 2002 civium
1092 1936 1346 2016 Londonierum,
1511 1923 1517 1936 ⁶

295 2046 313 2075 “
336 2037 377 2104 de
393 2035 497 2104 officio
511 2037 675 2104 fullonum
698 2043 733 2104 et
754 2035 946 2116 tinctorum,
969 2037 1153 2125 occepimus
1176 2037 1273 2125 quod,
1299 2059 1348 2105 se-

296 2145 315 2178 “
339 2139 485 2206 cundum
500 2139 775 2206 consuetudinem
798 2141 929 2226 semper
944 2138 1105 2206 hactenus
1131 2141 1291 2208 usitatum
1313 2147 1348 2208 et

297 2247 314 2279 ‘¹
337 2241 553 2330 approbatum
567 2241 606 2307 in
621 2242 760 2309 civitate
782 2247 898 2308 nostre
920 2239 1165 2309 Iaondonierum
1180 2243 1348 2330 praedicte,

297 2351 316 2382 “
337 2345 441 2432 penni
457 2345 516 2431 qui
538 2367 597 2432 per
618 2343 770 2411 homines
792 2342 833 2409 de
856 2343 962 2410 officio
984 2344 1143 2432 praedicto
1158 2345 1194 2411 in
1210 2345 1349 2412 civitote

298 2453 316 2484 “
338 2447 499 2534 praedicte
520 2445 637 2514 traditi
667 2445 804 2514 fuerunt
829 2447 884 2511 vel
908 2444 1002 2512 missi
1031 2446 1075 2513 ed
1107 2447 1348 2529 fullonendum‚

297 2555 317 2586 “
338 2547 401 2615 sub
416 2547 556 2636 pedibus
578 2547 751 2614 hominum
774 2545 920 2634 ejusdem
936 2547 1041 2628 officii,
1057 2548 1113 2615 vel
1135 2551 1351 2616 servientium

298 2658 318 2688 “
340 2673 483 2732 suorum,
506 2652 544 2717 in
566 2650 720 2717 domibus
742 2651 810 2716 suis
833 2651 870 2715 in
893 2651 1030 2718 civitate
1052 2653 1203 2737 praedite,
1228 2659 1262 2719 et
1284 2674 1351 2719 non

298 2757 316 2790 “
338 2753 428 2833 niibi,
445 2753 570 2820 debent
591 2751 756 2831 fulloneri,
772 2751 795 2818 J
797 2751 943 2818 ohannes
961 2752 1003 2818 de
1022 2751 1161 2832 Oxonis,
1187 2752 1351 2822 Hernicus

297 2863 314 2896 “
336 2863 408 2926 ette
424 2857 627 2948 Wetergete‚
651 2863 686 2925 et
709 2857 813 2946 Elyes
836 2857 1007 2938 Shermen‚
1033 2857 1137 2926 officio
1160 2859 1351 2948 hujusmodi

297 2959 375 3027 “in
397 2961 536 3028 civitate
567 2961 681 3026 eedem
699 2959 771 3048 jem
795 2959 837 3027 de
859 2981 947 3026 novo
969 2963 1114 3042 utentes,
1137 2983 1265 3049 pennos
1287 2963 1351 3029 sibi

297 3071 315 3100 ‘⁸
337 3064 454 3130 missos
476 3065 521 3130 cd
556 3059 787 3130 frdlonendum
819 3063 908 3128 infre
939 3062 1112 3129 civitatem
1148 3063 1349 3151 praedictem,

297 3173 316 3204 “
338 3189 442 3253 usque
464 3166 690 3232 molendinum
706 3166 748 3232 de
764 3165 959 3246 Stratiorde,
984 3172 1019 3233 et
1041 3165 1130 3246 elibi,
1156 3174 1251 3234 extre
1273 3190 1351 3234 een-

300 3276 318 3306 “
341 3269 417 3336 dem
440 3269 612 3344 civitatem
634 3269 880 3347 transmittunt,
905 3273 940 3334 et
970 3289 1026 3334 eos
1048 3268 1172 3335 ibidem
1195 3269 1351 3338 fulloneri

299 3379 317 3407 “
339 3370 477 3452 faciunt,
501 3371 537 3436 in
552 3371 703 3437 fraudem
727 3375 761 3436 et
782 3391 886 3459 greve
901 3369 1061 3436 damnum
1083 3369 1255 3437 hominum
1271 3396 1351 3461 quo·

296 3479 316 3510 “
337 3495 412 3538 rum
443 3473 547 3561 penui
569 3473 621 3538 illi
654 3473 789 3553 fuerint,
814 3477 849 3539 et
871 3473 974 3540 etiem
997 3473 1147 3538 omnium
1177 3474 1350 3542 hominum

298 3581 316 3612 “
340 3576 497 3662 proedicto
512 3573 617 3641 officio
632 3575 669 3640 in
680 3573 817 3641 civitate
832 3575 991 3663 praedicte
1006 3576 1182 3655 utentium,
1194 3574 1352 3644 damnum

298 3685 317 3713 “
340 3682 375 3743 et
397 3676 638 3764 depressionem
662 3675 760 3743 officii
793 3676 954 3764 praedicti,
985 3683 1019 3744 et
1041 3683 1157 3744 contre
1179 3687 1350 3750 consuetu-

298 3787 317 3815 “
340 3779 452 3844 dinem
474 3778 828 3866 predictam-Vobis
866 3779 971 3868 igitur
1008 3781 1225 3868 praecipimus,
1265 3784 1351 3850 sicut

299 3887 318 3918 ‘⁴
341 3881 462 3967 pluries
476 3879 703 3968 precepimus,
714 3881 813 3967 quod,
824 3881 952 3948 vocatis
967 3903 1076 3948 eorem
1091 3883 1186 3950 vobis
1201 3885 1352 3972 pertibus

302 3989 319 4019 ‘⁸
342 3982 527 4061 antedictis,
543 3991 577 4048 et
592 3982 666 4048 eliis
682 3982 723 4049 de
746 3983 851 4050 officio
866 3989 1058 4065 memorato,
1076 4007 1158 4072 quos
1180 3989 1352 4074 negotium

300 4083 424 4150 “illud
455 4085 566 4172 tangit
588 4090 623 4151 et
646 4086 704 4172 qui
725 4085 852 4152 fuerint
875 4088 1026 4166 vocandi,
1058 4087 1190 4175 plenem
1213 4095 1248 4155 et
1270 4090 1352 4156 cele·

299 4194 318 4224 “
340 4209 410 4252 rem
441 4186 612 4273 justitiam
634 4187 671 4252 in
693 4187 755 4254 hec
787 4192 884 4274 perte
913 4189 985 4255 fieri
1014 4189 1153 4269 facietis,
1189 4197 1288 4278 prout
1309 4192 1352 4258 de

300 4297 318 4326 “
336 4289 414 4375 jure
447 4295 483 4355 et
515 4290 697 4357 secundum
737 4291 1009 4359 consuetudinem
1043 4293 1191 4360 civitatis
1228 4300 1351 4362 nostrae

298 4397 318 4430 “
340 4389 510 4480 praedictae
542 4392 646 4459 fuerit
668 4393 857 4459 faciendum
869 4416 879 4476 ς
900 4395 955 4460 vel
976 4415 1109 4460 causam
1131 4396 1228 4461 nobis
1250 4398 1353 4486 signi-

302 4499 322 4530 “
345 4491 461 4571 ficetis,
485 4515 587 4581 quere
609 4493 806 4562 mundatum
832 4505 991 4575 nostrum,
1015 4497 1140 4563 totiens
1156 4497 1251 4565 vobis
1274 4499 1352 4568 inde

300 4603 317 4634 “
341 4595 512 4675 directum,
538 4598 656 4683 exequi
690 4595 845 4664 noluistis
867 4597 921 4663 vel
954 4619 1022 4664 non
1044 4598 1209 4685 potuistis.
1255 4601 1352 4670 Teste

298 4705 318 4736 “
340 4697 518 4781 Eduardo,
541 4699 612 4765 filio
634 4704 756 4783 nostro,
780 4699 869 4788 apud
885 4699 1225 4783 westmonasterium,
1249 4706 1351 4773 xxiii⁰

297 4809 317 4842 “
339 4801 394 4870 die
416 4801 584 4887 Jcnuerii,
606 4823 695 4872 enno
718 4801 814 4893 regni
837 4803 945 4872 nostri
966 4803 1262 4876 vicesimo-sexto.”
