3462 5836
508 865 572 932 354
852 877 954 928 uvam
975 876 1218 930 cusrmmruu
1356 862 1512 950 [llnnv.
1523 881 1554 930 11.

507 1069 624 1148 furas,
648 1065 897 1136 emendationes
920 1065 1042 1134 Assisae
1074 1068 1170 1154 panis
1201 1071 1237 1132 et
1258 1067 1417 1148 cervisiae,
1441 1071 1476 1134 et
1496 1067 1555 1132 alia

508 1193 582 1260 qum
605 1171 648 1238 ec
671 1190 824 1238 coronam
845 1169 1021 1258 pertinent,
1045 1175 1081 1236 et
1102 1192 1123 1236 a
1145 1191 1210 1256 quo
1233 1175 1389 1257 tempore

554 1274 606 1341 De
628 1274 693 1338 hiis
717 1275 775 1360 qui
790 1273 914 1338 habent
929 1273 1102 1338 libertates
1124 1274 1231 1360 regias
1253 1295 1312 1360 per
1326 1273 1415 1360 leges
1432 1273 1556 1360 anglie

507 1377 572 1444 sibi
602 1397 777 1455 concessas,
810 1379 845 1442 et
872 1376 920 1442 eis
943 1375 1041 1441 aliter
1067 1376 1119 1441 usi
1150 1376 1276 1442 fuennt
1306 1397 1409 1464 quum
1433 1376 1554 1442 debuis-

508 1485 770 1566 cantataque
793 1483 948 1566 tempore
973 1483 1008 1544 et
1031 1479 1203 1564 quomodo.

552 1584 604 1650 De
627 1583 835 1650 libertatibus
859 1581 1016 1648 concessis
1041 1603 1115 1666 quae
1144 1581 1331 1668 impediunt
1355 1603 1555 1648 oommrmem

504 1686 682 1774 justitiam,
700 1691 735 1751 et
757 1685 882 1772 regiam
905 1688 1105 1770 potestatem
1128 1684 1336 1763 subvertunt,
1353 1707 1374 1750 u
1396 1707 1464 1771 quo
1486 1705 1555 1750 oon·

508 1811 605 1856 oessoe
627 1788 763 1866 fuerint,
786 1792 821 1852 et
844 1809 865 1852 a
889 1807 955 1873 quo
981 1791 1137 1874 tempore.

554 1892 621 1974 Qui
650 1892 752 1958 etiam
775 1890 815 1956 de
845 1911 933 1956 novo
962 1888 1251 1977 appropriaverint
1272 1888 1338 1956 sibi
1360 1911 1467 1956 novas
1489 1891 1556 1956 cha-

508 2017 581 2062 oeus
603 1994 658 2060 vel
680 2013 875 2072 warennas3
899 1996 934 2058 et
955 1991 1117 2070 similiter,
1138 1993 1196 2078 qui
1218 1993 1261 2058 ab
1283 1993 1427 2078 antiquo
1449 1993 1554 2080 hujus

509 2099 599 2165 modi
620 2097 756 2163 chacers
781 2095 835 2163 vel
858 2117 1030 2162 verennes
1054 2117 1096 2160 ex
1118 2095 1325 2161 coneesnone
1349 2096 1482 2182 Regum
1503 2095 1554 2160 hs·

508 2201 652 2282 bueriut,
676 2205 712 2266 et
733 2199 816 2265 fines
839 2203 874 2264 et
888 2203 994 2264 metae
1016 2219 1129 2264 eorum
1146 2198 1367 2278 excesserint3
1393 2204 1432 2265 et
1454 2221 1475 2264 a
1496 2219 1554 2286 quo

508 2309 663 2394 tempora.

555 2407 622 2488 Qui
656 2405 756 2472 ctiam
780 2403 913 2481 domini,
939 2407 999 2469 aut
1021 2424 1133 2468 eorum
1163 2403 1331 2468 senescalli
1361 2425 1420 2470 seu
1444 2403 1553 2470 bellivi

510 2511 703 2596 quicunque,
739 2506 909 2574 senescalli
950 2505 1061 2586 etiam,
1105 2504 1242 2570 Domini
1276 2503 1377 2593 Regis
1406 2505 1551 2582 ministri,

509 2633 577 2678 non
615 2611 834 2678 arretinuerint
873 2609 1100 2676 executionem
1138 2609 1371 2674 mandatorum
1426 2608 1553 2675 Domini

510 2715 609 2801 Regis
648 2713 728 2790 fieri,
759 2718 819 2779 aut
859 2733 899 2778 ea
929 2712 1034 2776 fecere
1076 2711 1334 2798 contempserint
1363 2711 1419 2778 vel
1450 2712 1551 2798 aliquo

509 2817 607 2882 modo
629 2837 669 2881 ea
690 2815 763 2880 fieri
793 2815 1037 2902 impediverint,
1062 2835 1083 2878 a
1104 2819 1252 2900 tempore
1281 2815 1551 2880 constitutionum

508 2919 669 2985 factarum
692 2916 782 3005 apud
805 2917 1021 3004 Marleberge,
1051 2937 1138 2982 anno
1167 2917 1262 3005 regni
1287 2917 1387 3004 Regis
1410 2917 1549 2994 Hernici

509 3024 564 3090 avi
589 3023 687 3110 Regis
710 3043 806 3102 nunc,
830 3021 875 3086 lii.

553 3127 604 3192 De
620 3126 773 3192 omnibus
784 3123 1006 3212 purprasturis
1021 3121 1117 3188 luctis
1131 3145 1229 3209 super
1241 3123 1421 3192 Dominum
1436 3125 1551 3212 Regem

506 3235 542 3296 et
563 3230 707 3318 regalem
723 3229 944 3316 dignitatem
967 3247 1026 3314 per
1048 3225 1242 3312 quaefactae
1256 3226 1389 3307 menne,
1407 3229 1551 3314 qualiter,

506 3339 541 3399 et
563 3357 583 3399 a
606 3355 671 3421 quo
693 3337 849 3419 tempore.

551 3437 602 3502 De
639 3433 895 3502 vicecomitibus
922 3431 1130 3518 capientibus
1160 3453 1305 3510 munera,
1330 3438 1366 3500 et
1396 3435 1454 3521 qui
1484 3455 1552 3500 eon·

505 3539 671 3606 senserint
706 3537 750 3603 ad
782 3534 1020 3603 concelaudum
1054 3534 1191 3600 telonias
1216 3534 1320 3601 factae
1348 3537 1384 3602 in
1415 3535 1550 3614 ballivis,

506 3642 560 3708 vel
590 3643 646 3730 qui
677 3640 884 3727 negligentes
912 3637 1089 3703 extiterint
1110 3637 1154 3703 ad
1177 3637 1298 3704 felones
1321 3639 1550 3713 attachiandos,

506 3765 698 3832 quocunque
725 3744 846 3822 favore,
881 3747 952 3806 tam
983 3739 1070 3805 infra
1103 3741 1292 3806 libertatem
1323 3763 1422 3828 quam
1453 3746 1550 3810 extra

506 3848 615 3914 Simili
647 3847 753 3928 modo,
777 3846 819 3911 de
842 3844 965 3910 clericis
1000 3847 1035 3908 et
1066 3843 1139 3908 aliis
1162 3843 1294 3909 ballivis
1321 3844 1552 3912 Viceoomitum

505 3954 541 4016 et
557 3949 807 4028 Ooronetornm,
832 3951 866 4012 et
889 3947 961 4012 aliis
983 3946 1117 4012 ballivis
1139 3947 1410 4035 quibuscunque3
1445 3954 1479 4016 et
1499 3947 1551 4035 qui

505 4053 555 4118 ita
576 4052 713 4118 fecerint
738 4051 914 4138 [tempore]
939 4049 1077 4114 Domini
1101 4051 1199 4136 Regis
1223 4049 1368 4130 Henrici,
1393 4060 1469 4139 post
1490 4051 1550 4118 bel-

505 4157 575 4222 lum
598 4155 639 4221 de
665 4153 839 4232 Evesham
865 4157 899 4218 st
922 4153 980 4238 qui
1004 4157 1151 4240 tempore
1179 4153 1314 4218 Domini
1338 4154 1439 4242 Regis
1461 4175 1550 4221 nunc.

551 4260 603 4324 De
634 4255 891 4323 Vicecomitibus
914 4259 949 4320 et
979 4255 1054 4320 aliis
1076 4255 1209 4320 ballivis
1234 4255 1485 4344 quibuscunque
1505 4279 1555 4324 cor⁴

505 4362 675 4450 pientibus
707 4379 845 4425 munera
875 4380 935 4444 pro
973 4357 1255 4444 recognitionibus
1293 4361 1486 4427 amovendis
1515 4361 1550 4425 de

506 4465 627 4531 Assisis
650 4467 685 4530 et
706 4463 844 4540 iuratis,
882 4466 917 4527 et
947 4483 968 4524 a
990 4481 1056 4546 quo
1085 4465 1240 4546 ternpore.

550 4569 601 4634 De
625 4565 884 4632 vicecomitibus
911 4567 946 4629 et
976 4563 1050 4628 aliis
1072 4563 1205 4628 ballivis
1228 4564 1476 4652 quibuscunque
1497 4563 1549 4652 qui

504 4669 756 4736 amerciaverint
795 4668 922 4752 aliquos
961 4665 1019 4750 qui
1057 4667 1217 4730 sumoniti
1258 4666 1384 4733 iirerint
1417 4670 1460 4734 aii
1499 4669 1549 4732 ln·
