3462 5836
459 871 524 938 346
792 885 896 938 mnes
917 883 1161 937 cusruusnuu.
1310 873 1466 960 [leucu.
1482 891 1521 946 11.

462 1084 479 1110 “
504 1075 546 1141 In
569 1073 661 1164 cujus
694 1074 742 1144 rei
766 1077 1001 1158 testimonium,
1036 1077 1096 1144 has
1120 1075 1264 1144 Litteras
1287 1081 1418 1143 nostras
1443 1077 1519 1142 fieri

463 1178 637 1245 “fecimus
668 1179 833 1247 Patentes.
876 1181 975 1248 'Peste
1008 1182 1140 1268 meipso,
1174 1179 1266 1269 apud
1298 1177 1518 1261 clarendona,

291 1289 402 1334 ww
462 1287 480 1318 ‘'
503 1281 602 1348 xxiiii
624 1283 678 1348 die
702 1279 909 1363 Novembris,
932 1303 1021 1350 anno
1043 1283 1137 1371 regni
1159 1279 1266 1351 nostri
1289 1283 1439 1350 mvii?

289 1341 406 1384 scutment

291 1351 448 1486 mrc-
506 1385 551 1450 Et
572 1407 671 1472 super
692 1386 761 1465 hoc,
786 1387 855 1453 dies
878 1385 976 1453 datus
997 1391 1048 1453 est
1063 1385 1110 1453 eis
1125 1407 1234 1453 coram
1251 1385 1396 1453 Domino
1412 1383 1514 1476 Baga,

290 1491 431 1597 pgpffiof
459 1511 480 1552 a
502 1487 557 1554 die
580 1487 694 1555 Sancti
719 1489 890 1556 Michaelis
912 1490 949 1554 in
971 1511 1018 1557 xv
1041 1489 1119 1570 diss,
1144 1487 1353 1576 ubicumque,
1378 1493 1438 1556 ete

288 1593 395 1692 erra

290 1727 410 1772 nimau
503 1687 664 1776 (Nomina
697 1709 811 1757 eorum
849 1691 907 1777 qui
939 1689 1039 1778 positi
1072 1698 1152 1758 sunt
1189 1692 1226 1758 in
1264 1691 1438 1780 Exiganda
1473 1691 1514 1758 in

289 1781 437 1884 ffiffiffi‘
458 1793 585 1860 Itinere
607 1793 764 1883 praedicto
787 1793 1001 1860 continentur
1023 1793 1059 1860 in
1083 1795 1216 1862 Rutulis
1239 1795 1280 1861 de
1292 1793 1427 1876 Itinere,
1452 1795 1514 1882 qui

456 1904 628 1964 remanent
650 1899 686 1964 in
710 1897 871 1983 Camere.)

287 2101 443 2210 ffggfflod
502 2103 604 2172 “Rex
635 2103 788 2172 omnibus
823 2103 956 2170 ballivis
994 2109 1028 2170 et
1066 2101 1219 2170 fidelibus
1253 2100 1321 2171 suis
1352 2105 1396 2171 ad
1428 2123 1514 2192 quos

286 2208 430 2304 1311110ῗέξῇ
456 2217 474 2243 “
496 2214 674 2296 praesentes
689 2209 811 2276 litterae
833 2207 1056 2296 pervenerint,
1081 2207 1230 2274 salutem.
1277 2207 1399 2274 Sciatis
1421 2210 1514 2294 quod

286 2271 425 2406 Ὴωιῇζψ
455 2321 473 2347 “
496 2333 570 2378 eum
604 2311 821 2380 communitas
851 2311 998 2376 civitatis
1032 2313 1155 2377 nostrae
1186 2309 1439 2390 Londoniarum,
1472 2311 1514 2378 in

284 2409 412 2505 {mm
455 2414 600 2482 “Curia
640 2421 761 2496 nostra,
804 2434 913 2482 coram
944 2412 1074 2480 dilectis
1121 2418 1156 2480 et
1193 2413 1348 2480 fidelibus
1386 2414 1513 2482 nastris

283 2511 414 2606 fflffiffl
455 2527 471 2552 ‘¹
496 2519 640 2586 Hervico
663 2519 703 2585 de
727 2519 891 2585 Stantone
918 2520 953 2584 et
985 2517 1081 2583 sociis
1103 2515 1181 2596 suis,
1202 2515 1407 2584 Justiciariis
1432 2537 1512 2583 nos·

282 2611 402 2708 fflffi'
451 2629 471 2657 ‘⁴
491 2619 555 2686 tris
568 2621 804 2688 itinerantibus
823 2621 916 2710 apud
936 2619 1071 2686 Tun-im
1087 2625 1236 2687 nostram
1252 2617 1510 2700 lundoniamm,

453 2731 470 2758 “
494 2723 646 2811 impetita
667 2724 786 2790 suisset
822 2723 865 2791 de
901 2745 947 2806 eo,
988 2724 1075 2812 quod
1115 2723 1263 2790 homines
1302 2723 1354 2790 de'
1376 2723 1512 2790 Wardis

453 2835 469 2861 “
492 2825 639 2894 civitatis
662 2825 751 2893 illius
773 2843 871 2916 super
900 2825 975 2894 illos
1008 2829 1066 2915 qui
1088 2825 1132 2894 ad
1158 2825 1308 2894 aedanus
1331 2827 1369 2892 in
1391 2827 1508 2894 eadem

451 2937 468 2966 “
493 2929 638 3011 civitate,
662 2935 697 2997 et
728 2929 887 2998 suburbio
920 2931 1075 3019 ejusdam,
1106 2949 1167 3018 pro
1198 2926 1416 2996 immunitate
1447 2929 1507 2996 ba·

451 3041 470 3070 ‘¹
494 3031 604 3101 bande
636 3031 802 3122 fugerunt
830 3053 898 3101 non
930 3039 1155 3121 apposuerunt
1187 3031 1383 3114 aristodium,
1407 3037 1511 3120 prout

449 3145 468 3173 “
491 3137 573 3203 alibi
596 3137 633 3203 in
664 3158 765 3226 regno
798 3143 911 3204 nostro
943 3133 1199 3219 iit,aecundun1
1231 3137 1339 3224 legem
1374 3140 1409 3202 et
1430 3153 1509 3202 con·

452 3241 701 3308 “suetudinem
733 3241 878 3329 ejusdem
908 3239 1023 3328 regm‘3
1061 3257 1190 3306 necnon
1213 3243 1248 3306 et
1280 3239 1322 3305 de
1352 3237 1509 3306 evasione

449 3355 467 3380 “
490 3347 537 3411 sie
559 3345 760 3434 fugientium
775 3345 819 3410 ad
841 3343 991 3410 ecclesius
1013 3341 1087 3408 illas
1109 3343 1199 3409 fecta
1213 3342 1256 3408 ab
1279 3335 1410 3409 eisdem
1457 3339 1507 3408 Et

449 3457 467 3483 “
491 3447 607 3515 eadem
629 3447 847 3516 communitas
868 3469 903 3513 se
934 3443 1013 3513 inde
1047 3445 1083 3511 in
1116 3447 1232 3512 eadem
1256 3445 1358 3512 Curia
1380 3449 1505 3526 nostra,

449 3561 466 3587 “
489 3573 598 3619 coram
621 3551 717 3619 dictis
739 3549 763 3617 J
765 3549 940 3618 usticiariis
962 3550 1094 3629 nostris,
1118 3550 1336 3632 excusaverit,
1359 3568 1507 3616 asserens

449 3663 465 3690 “
489 3677 523 3723 sc
553 3655 607 3722 vel
636 3653 785 3722 homines
818 3654 859 3720 de
892 3653 1025 3721 Wardis
1059 3653 1226 3741 predictis
1260 3653 1304 3719 ad
1337 3651 1507 3740 praemissa

449 3767 465 3794 “
488 3779 556 3825 non
578 3757 693 3840 teneri,
711 3757 889 3825 seeundum
912 3756 1067 3842 antiquas
1089 3755 1344 3822 consuetudines
1359 3755 1506 3822 civitatis

449 3869 468 3902 “
491 3860 666 3950 praedictae.
709 3861 755 3927 Et
777 3883 836 3949 pro
867 3882 907 3926 eo
931 3858 1021 3947 quod
1044 3859 1213 3926 excusatio
1235 3857 1294 3924 illa
1316 3879 1376 3947 per
1398 3857 1504 3925 dictos

448 3973 465 4001 “
489 3965 698 4032 Justiciarics
735 3967 864 4030 nostros
903 3963 1046 4029 admissa
1082 3983 1150 4029 non
1194 3961 1268 4041 fuit,
1307 3965 1406 4050 prout
1442 3983 1505 4028 nec
1618 4021 1624 4029 .

448 4075 465 4106 '‘
489 4069 613 4148 debuit,
638 4067 727 4135 dicte
758 4067 979 4134 communitas
1013 4063 1110 4132 nobis
1144 4064 1382 4154 supplicaverit
1412 4063 1443 4131 ei
1465 4064 1504 4130 in

446 4181 465 4207 ‘¹
487 4171 549 4239 hac
570 4176 665 4260 parte
688 4191 827 4260 pernes
849 4168 1031 4237 remedium
1054 4165 1328 4248 adbiberi—Nos,
1356 4163 1504 4234 conside-

445 4281 464 4313 ‘⁴
487 4279 599 4342 rantes
622 4273 711 4362 quod
734 4273 883 4342 custodia
904 4293 1003 4363 super
1029 4273 1076 4340 sic
1097 4270 1263 4361 firgn'cntcs
1285 4271 1329 4338 ad
1351 4267 1502 4338 ecclesias

445 4388 464 4416 ‘¹
487 4401 547 4468 pro
570 4377 783 4445 immunitate
810 4375 970 4459 habenda,
995 4393 1056 4465 pro
1089 4374 1241 4443 uberiore
1266 4373 1358 4464 pacis
1379 4379 1502 4442 nostrae

445 4491 462 4519 “
486 4479 722 4563 observatione,
747 4480 929 4548 necessaria
953 4486 1011 4562 est,
1029 4483 1064 4546 ct
1089 4479 1127 4546 in
1151 4477 1291 4568 singulis
1316 4471 1397 4546 locis
1419 4474 1501 4545 dicti

443 4593 462 4622 ‘¹
485 4585 578 4676 regni
600 4585 707 4653 n0st1i
728 4583 907 4652 secundum
931 4583 1036 4672 legem
1060 4585 1095 4650 et
1117 4580 1397 4664 consuetudinem,
1413 4577 1501 4647 sicut

444 4696 460 4724 “
484 4690 678 4778 predictum
702 4693 754 4756 est
766 4711 774 4770 ;
811 4689 960 4756 volentes
994 4686 1097 4754 etiam
1129 4685 1229 4753 dictae
1258 4681 1499 4764 communitati,

441 4799 460 4831 “
484 4815 557 4881 quae
584 4791 625 4862 de
655 4791 948 4863 consuetudinibus
980 4789 1129 4880 antiquis
1160 4789 1259 4860 dictae
1283 4785 1431 4858 utitatis
1455 4785 1490 4854 in
