3462 5836
435 815 500 880 426
769 829 873 879 usur
894 825 1143 880 6666661666.
1276 813 1443 900 [16666.
1463 831 1501 881 ri
1559 779 1561 782 Ι

266 1033 401 1078 somniet
479 1017 604 1084 Eodem
627 1019 681 1085 die
704 1020 850 1098 Veneris,
874 1021 1113 1107 proclamatum
1141 1021 1216 1096 fuit,
1241 1019 1329 1106 quod
1362 1019 1500 1085 nullum

265 1085 413 1230 ffiffirl
433 1121 542 1188 forum
557 1127 712 1188 teneatur
734 1122 775 1188 de
798 1128 917 1190 ooetero
939 1143 1035 1210 super
1051 1121 1238 1200 Oomhulie,
1263 1123 1319 1188 661
1333 1123 1373 1187 16
1396 1123 1498 1201 Foro,

265 1237 387 1281 (6616
434 1229 510 1312 post
524 1225 639 1292 horum
651 1225 878 1314 Vesperenrm.
915 1225 1029 1292 Juroti
1044 1226 1359 1313 pressentont‚quod
1374 1225 1500 1292 Simon

265 1298 422 1434 ffipffie
435 1327 592 1396 66666
617 1336 651 1396 et
674 1330 811 1417 queem
837 1331 902 1410 66,
927 1329 1102 1417 phelipeni
1132 1329 1390 1411 murenarum,
1414 1351 1500 1396 ven-

265 1401 369 1535 {fflg
434 1433 520 1499 (1661
549 1433 762 1500 meroimonie
794 1435 883 1522 apud
918 1433 1105 1514 Oomhulle,
1140 1433 1303 1512 videlieet,
1336 1431 1498 1500 ¹veteroe

433 1557 569 1624 pennos,
592 1538 721 1626 erigas,
754 1542 789 1604 et
820 1536 888 1603 elis
916 1535 1136 1618 mercimonio,
1160 1537 1202 1604 de
1232 1541 1339 1614 66616,
1371 1536 1409 1603 16
1436 1538 1496 1603 (16·

433 1640 617 1727 ceptionem
648 1641 851 1721 ementiom3
885 1663 960 1708 oum
990 1663 1048 1730 per
1077 1639 1249 1727 antiquom
1279 1641 1495 1707 consuetudi-

433 1763 518 1824 nem,
551 1742 711 1810 usitatam
744 1743 782 1810 in
813 1743 959 1827 civitate,
992 1745 1122 1810 nullum
1153 1750 1334 1811 merentum
1363 1743 1495 1808 ibidem

434 1847 540 1912 teneri
567 1845 683 1912 debuit
712 1847 776 1912 nisi
810 1849 885 1934 post
916 1851 1027 1913 ortum
1059 1847 1136 1914 solis
1168 1869 1271 1934 usque
1301 1847 1345 1912 ed
1375 1846 1496 1913 homin

433 1971 555 2015 nonem
579 1950 653 2016 diei.
708 1949 788 2016 Ideo
811 1957 1011 2038 praeoeptum
1041 1956 1092 2017 est
1119 1950 1379 2028 Vioeoomitibuu
1404 1950 1498 2036 quod

433 2053 546 2119 venire
569 2052 693 2120 feoient
712 2053 865 2141 praefetos
888 2054 1057 2121 Simonem
1080 2059 1115 2120 et
1129 2055 1218 2134 61166,
1236 2059 1295 2120 616
1341 2053 1389 2118 Ε1
1412 2054 1498 2140 quis

434 2179 477 2222 ex
502 2179 625 2244 magne
653 2157 869 2223 multitudine
899 2159 1012 2245 populi
1032 2158 1199 2224 venientis
1232 2162 1268 2223 et
1298 2158 1497 2244 oongregeti

434 2261 478 2326 ed
501 2259 690 2347 hujusmodi
712 2273 864 2340 mereatu,
904 2265 999 2328 tento
1024 2267 1099 2349 post
1121 2261 1237 2326 horem
1263 2259 1496 2348 Vesperarum‚

435 2369 531 2430 noete
554 2365 849 2452 appropinquante,
871 2364 998 2450 majore
1027 2364 1179 2452 periculo,
1203 2369 1274 2430 tem
1296 2365 1338 2430 de
1358 2364 1496 2430 feloniis

434 2469 598 2552 quamde
628 2467 702 2534 eliis
734 2467 1055 2556 transgressionibus,
1089 2473 1247 2555 poterunt
1269 2467 1494 2533 diversimode

434 2593 583 2658 prooessu
625 2573 783 2659 temporis
828 2572 966 2650 evenire,
1009 2571 1192 2637 inhibitum
1232 2576 1283 2638 est
1321 2572 1497 2658 praedictis

293 2680 318 2725 1‘·
327 2683 372 2726 2⁶¹·
382 2680 405 2726 b·
435 2672 563 2742 Simoni
595 2677 630 2738 et
663 2673 745 2753 aliis,
780 2695 823 2739 66
861 2673 903 2740 (16
940 2679 1058 2742 6661666
1087 2673 1274 2740 venditioni
1318 2681 1494 2762 exponent

434 2797 569 2866 pennos,
618 2775 748 2864 caligas,
795 2782 830 2843 et
866 2777 933 2842 6116
983 2775 1201 2858 mercimonio,
1248 2775 1337 2843 ultre
1372 2775 1494 2844 horem

435 2877 661 2969 vesperarum,
686 2883 746 2946 eto.

267 3092 395 3188 mio
484 3095 502 3124 ‘¹
518 3083 592 3154 Rex
613 3084 734 3154 (1116616
768 3091 803 3153 61
832 3085 922 3153 fideli
961 3107 1027 3167 suo,
1064 3084 1210 3154 Hervioo
1244 3087 1285 3154 de
1317 3087 1495 3170 Stantone,

268 3195 419 3289 mm
439 3197 457 3228 “
479 3191 626 3257 6616166.
674 3191 761 3272 Quia
783 3190 982 3276 quibusdem
1008 3189 1108 3258 666116
1130 3190 1173 3257 (16
1196 3191 1303 3257 666616
1336 3191 1499 3258 oertornri

267 3257 403 3390 Qu?
438 3301 456 3328 “
479 3291 630 3360 volumus
651 3315 750 3381 super
769 3297 883 3360 tenore
905 3291 1075 3381 cujusdem
1091 3293 1370 3373 Proesentotionis,
1392 3293 1497 3360 166166

267 3399 339 3442 Μ·
438 3403 455 3432 “
478 3419 588 3464 eorem
623 3397 718 3464 vobis
751 3403 786 3463 et
828 3398 924 3464 sociis
962 3397 1091 3478 vestris,
1133 3397 1334 3464 Justieieriis
1370 3397 1498 3462 nostris

437 3509 583 3588 “nuper
614 3501 850 3567 itinerantibus
882 3501 971 3587 opud
1003 3500 1134 3566 Turrim
1170 3501 1424 3579 Londoninrum‚
1450 3501 1497 3566 de

437 3613 454 3638 “
477 3625 515 3669 eo
538 3601 626 3690 quod
649 3603 765 3671 Simon
795 3604 952 3670 Reooniei
974 3608 1009 3670 et
1031 3603 1167 3690 quidem
1189 3603 1247 3669 6111
1269 3604 1499 3670 vendiderunt

437 3716 455 3742 “
478 3705 519 3772 de
534 3711 630 3773 noete
645 3706 857 3773 mercimonia
871 3707 960 3795 opud
976 3705 1165 3788 0666166116,
1180 3706 1344 3786 videlieet,
1362 3711 1496 3774 veteres

438 3818 455 3845 “
478 3832 611 3899 pennos,
636 3809 765 3900 ceiiges,
797 3817 832 3876 et
861 3811 928 3876 6116
957 3811 1175 3892 mercimonio,
1198 3809 1236 3875 in
1266 3809 1496 3898 deceptionem

439 3921 455 3949 ¹‘
478 3913 668 3994 ementium,
707 3917 741 3978 et
772 3918 888 3980 contre
919 3913 1190 3980 consuetudinem
1231 3913 1268 3978 16
1298 3913 1411 3980 endem
1447 3911 1496 3980 ci-

437 4025 456 4053 “
478 4016 585 4084 611616
615 4017 774 4084 haetenus
803 4016 963 4083 usitetem
975 4015 1134 4100 5-Vobis
1164 4016 1369 4098 mandemus,
1401 4017 1496 4103 quod

437 4126 626 4187 “tenorem
657 4119 923 4208 praesentationis
957 4119 1123 4208 praedietae
1145 4119 1249 4200 nobie,
1288 4119 1349 4186 sub
1373 4119 1497 4207 sigillo

438 4235 454 4261 “
477 4232 596 4307 vestre,
620 4223 775 4292 distinete
798 4231 838 4292 61
855 4229 969 4314 operte
999 4224 1069 4290 sine
1100 4223 1433 4303 (11161166661116116,
1459 4229 1498 4290 61

436 4338 455 4368 “
477 4331 539 4396 hoo
572 4330 681 4398 breve.
739 4324 837 4396 Teste
870 4329 1002 4416 meipso,
1038 4327 1127 4415 opud
1150 4325 1495 4410 westmonasterium,

437 4442 454 4470 “
476 4454 524 4501 xv
546 4434 600 4502 die
621 4433 645 4500 J
649 4432 714 4516 ulii,
738 4455 825 4502 6666
847 4433 942 4521 regni
962 4432 1069 4498 nostri
1091 4430 1167 4498 xv.”

854 4627 1120 4636 ,.-.„,........—..-—-.
1144 4629 1161 4634 .-
1173 4627 1227 4635 ...Μ
1241 4629 1431 4637 --—.--n--...-.
1445 4633 1486 4640 -.ἡ

826 4741 834 4771 ¹
852 4737 964 4792 written
978 4746 1074 4792 eeteros
