3600 5822
439 855 505 920 256
790 865 894 917 smus
917 864 1160 918 cusruusuun
1276 849 1491 935 [1211111111.

441 1065 460 1096 “
482 1057 556 1124 Rex
578 1055 718 1144 Angliae,
734 1059 828 1143 puter
853 1059 974 1134 noster,
989 1052 1069 1119 fecit
1090 1051 1220 1119 civibus
1236 1051 1490 1128 Londoniarum,

440 1167 459 1196 “
481 1159 516 1225 in
540 1159 806 1225 1111111111--ε
821 1155 1014 1236 Edwardus,
1042 1154 1106 1220 Dei
1120 1155 1236 1242 gratia
1261 1154 1335 1221 Rex
1350 1154 1493 1242 Angliae,

441 1268 461 1300 “
483 1261 671 1328 ‘Dominus
689 1259 871 1338 Hiberniae,
884 1264 920 1325 et
935 1259 1015 1324 Dux
1026 1257 1252 1344 Aquitanniae,
1271 1257 1493 1344 Amhiepisco·

442 1371 460 1402 “
484 1363 567 1451 ‘pis,
595 1361 773 1450 Episcopis,
796 1361 995 1441 Abbatibus,
1011 1359 1190 1440 Prioribus,
1217 1359 1414 1440 comitibus,
1431 1359 1495 1426 Bo·

442 1475 460 1502 “
484 1465 652 1548 ‘mnibus
679 1463 888 1542 Justicieriis,
914 1461 1183 1543 vicecomitibus,
1206 1461 1406 1550 Praepositis,
1430 1462 1492 1527 mi·

442 1577 461 1605 “
485 1569 633 1649 ί11111111,
655 1572 690 1634 et
713 1564 864 1634 omnibus
886 1563 1017 1632 ballivis
1033 1567 1069 1631 et
1083 1563 1237 1630 fidelibus
1260 1563 1390 1642 nostris,
1406 1565 1493 1630 salu·

442 1678 461 1710 “
486 1676 586 1737 ‘tem
633 1667 846 1756 Inspeximus
864 1666 1024 1736 cherum
1048 1686 1149 1753 quam
1165 1666 1301 1734 celebris
1324 1669 1492 1733 memoriae

443 1780 461 1812 “
485 1773 673 1838 ‘Dominus
704 1770 880 1850 Henrieus,
913 1767 1083 1856 quondam
1114 1768 1187 1834 Rex
1217 1768 1358 1856 anglie,
1397 1774 1494 1857 pater

443 1885 460 1911 ‘¹
485 1879 628 1953 ‘noster,
644 1873 724 1939 fecit
748 1871 878 1938 civibus
894 1870 1149 1949 Londoniarum,
1169 1870 1205 1936 in
1229 1869 1299 1937 haec
1325 1871 1493 1937 verbat-

443 1983 461 2014 “
486 1985 493 2013 ‘
510 1975 681 2052 Henricus,
692 1974 757 2040 Dei
768 1974 886 2060 gratia
897 1972 972 2039 Rex
985 1972 1126 2060 Angue,
1139 1972 1301 2038 Dominus
1313 1972 1493 2054 Hiberniae,

443 2086 461 2116 “
484 2080 589 2146 ‘Dux
613 2076 828 2144 Normanniae
843 2080 879 2143 et
893 2075 1118 2162 Aquiunniae,
1143 2074 1259 2142 Comes
1281 2077 1496 2164 Andagaviae,

444 2187 461 2220 “
485 2179 778 2268 ‘Arebiepiscopis
822 2177 1004 2266 Episcopis,
1054 2177 1252 2257 Abbatibus,
1299 2178 1495 2262 comitibus,

444 2292 462 2324 “
485 2283 705 2362 ‘Beronibus
729 2281 753 2350 J
754 2280 939 2362 usticiariis,
958 2280 1224 2361 vicecomitibus,
1237 2280 1437 2369 Praepositn,
1461 2287 1496 2348 et

444 2393 462 2425 “
487 2385 665 2453 ‘omnibus
679 2383 813 2450 ballivis
829 2387 865 2450 et
887 2381 1043 2449 fidelibus
1068 2383 1149 2462 suis,
1178 2382 1329 2450 salutem
1375 2383 1497 2451 Sciatis

445 2496 464 2527 “
486 2495 569 2555 ‘nos
599 2487 802 2566 concessisse,
835 2490 872 2552 et
902 2485 1057 2572 prasenti
1085 2484 1212 2552 Charta
1235 2492 1350 2552 nostra
1378 2487 1496 2552 confir·

445 2601 462 2627 “
487 2599 495 2627 ‘
510 2611 623 2668 masse,
641 2590 769 2655 civibus
784 2587 1029 2654 Londoniarum
1041 2587 1316 2654 Vicecomitatum
1333 2589 1498 2656 Londoni-

446 2699 466 2731 “
490 2699 609 2760 ‘erum
635 2696 670 2757 et
693 2690 1021 2768 middelsexiam
1044 2688 1199 2756 omnibus
1223 2689 1320 2757 rebus
1340 2692 1404 2781 [ct]
1421 2713 1497 2758 con-

446 2803 463 2830 “
489 2791 744 2860 ‘suetudinibus
775 2814 849 2877 quae
880 2792 1049 2880 pertinent
1078 2791 1121 2857 ad
1143 2792 1339 2880 praedictum
1366 2794 1498 2860 Viceco-

446 2903 464 2932 “
489 2895 680 2973 ‘mitatum
699 2893 785 2960 infra
806 2893 978 2961 civitatem
993 2899 1028 2961 et
1050 2899 1155 2974 extra
1183 2917 1242 2982 per
1258 2902 1362 2962 terras
1383 2901 1418 2963 ct
1440 2919 1499 2985 per

446 3005 465 3036 “
490 3004 625 3085 ‘equas
648 2997 837 3063 habendum
852 3001 887 3064 11
909 2996 1092 3062 tenendum
1113 2997 1161 3063 eis
1176 3002 1210 3063 11
1231 2999 1418 3065 boeredibus
1432 3001 1499 3066 suis

447 3107 465 3138 “
489 3100 555 3167 ‘de
589 3099 685 3167 nobis
711 3103 746 3166 11
768 3098 952 3166 heredibus
981 3099 1112 3181 nostris,
1139 3099 1309 3166 reddendo
1340 3101 1419 3168 inde
1440 3124 1499 3168 an·

448 3210 467 3241 “
491 3203 645 3270 ‘nuatim
660 3200 756 3268 nobis
782 3206 818 3269 et
839 3201 1026 3268 haeredibus
1050 3202 1172 3269 nostris
1192 3223 1245 3269 ccc
1270 3203 1500 3292 sterlingorum

449 3313 466 3344 “
490 3314 498 3342 ‘
514 3305 714 3385 blancorum,
729 3302 858 3370 duobus
872 3303 1024 3370 terminis
1039 3304 1128 3384 anni,
1152 3303 1286 3386 scilicet,
1301 3306 1344 3371 ad
1368 3307 1500 3373 Scaeua·

449 3415 467 3445 “
491 3407 601 3472 ‘rium
632 3405 767 3472 Paschae
798 3406 827 3472 cl
858 3405 968 3484 libras,
1001 3410 1037 3471 et
1066 3405 1110 3471 ad
1145 3405 1351 3474 Scacoarium
1386 3407 1502 3474 Sancti

451 3516 468 3546 “
492 3507 687 3574 ‘Michaelis
729 3507 759 3574 cl
792 3507 915 3588 libras3
947 3506 1048 3574 salvis
1087 3507 1215 3574 civibus
1255 3509 1501 3576 londoniarum

451 3619 469 3648 “
494 3610 670 3676 ‘omnibus
685 3609 897 3676 libertatibus
922 3615 956 3676 ct
978 3609 1091 3675 liberis
1107 3612 1403 3679 consuetudinibus
1426 3615 1502 3682 suis.

452 3720 470 3752 ‘⁶
496 3713 565 3779 ‘Et
587 3718 756 3800 praeterea,
768 3713 984 3778 concessimus
998 3711 1126 3778 civibus
1143 3712 1398 3798 Londoniarum,
1414 3717 1503 3803 quod

452 3821 470 3852 “
495 3823 502 3852 ‘
518 3815 582 3902 ipsi
597 3815 638 3882 do
653 3815 767 3902 seipsis
782 3813 906 3880 faciant
922 3813 1143 3882 Vicccomites
1158 3837 1367 3904 quoscunque
1390 3819 1502 3886 volue-

328 3969 333 3983 .
378 3949 412 3982 ,ι
453 3916 1012 4084 1”111111,11ῧ111111111111111111111
1044 3916 1234 4085 volucrium
1269 3924 1303 3984 11
1337 3941 1391 3984 cos
1421 3943 1504 4008 quos

451 4029 469 4056 “
493 4026 502 4058 ‘
530 4019 653 4086 ccerint
708 4017 900 4098 icecomites,
926 4024 1128 4106 praesentent
1175 4019 1350 4088 usticiariis
1373 4025 1503 4102 nostris,

450 4130 470 4162 “
495 4122 577 4209 ‘qui
610 4120 829 4208 respondeant
851 4119 956 4200 nobis,
987 4119 1042 4187 vel
1071 4120 1273 4188 Justicimiis
1303 4125 1426 4191 nostris
1459 4125 1503 4191 ad

452 4232 469 4262 “
494 4223 733 4301 ‘Scaccurium²
758 4222 800 4288 de
824 4221 890 4288 hiis
912 4244 987 4309 quse
1010 4222 1053 4288 ad
1076 4224 1271 4311 praedictum
1286 4225 1504 4294 Vioecomita-

452 4337 470 4364 “
495 4331 591 4392 ‘tum
615 4325 792 4413 pertinent,
821 4324 1007 4411 exquibus
1031 4323 1127 4391 nobis
1152 4328 1348 4414 respondere
1373 4328 1504 4397 debent.

454 4435 473 4466 “
495 4428 565 4494 ‘Et
598 4428 663 4494 nisi
702 4425 902 4494 sufficienter
938 4427 1168 4513 responderint
1204 4433 1240 4494 et
1277 4429 1503 4511 satisfecerint

454 4538 473 4568 “
497 4531 606 4598 ‘cives
638 4529 885 4595 Londonisuum
915 4529 1138 4615 respondeant
1161 4535 1196 4597 11
1230 4531 1434 4598 satisfaciant
1463 4533 1505 4600 de

454 4642 472 4668 “
495 4631 743 4698 ‘misericordia
768 4635 804 4698 ct
825 4632 942 4714 firma3
965 4631 1063 4698 salvis
1090 4632 1303 4699 libertatibus
1326 4635 1403 4716 suis,
1420 4637 1505 4702 sicut

456 4741 473 4771 “
497 4733 715 4822 ‘praedictum
759 4731 847 4820 [cst]‚
888 4737 924 4801 et
955 4732 1055 4802 solvis
1096 4734 1220 4804 eisdem
1249 4735 1505 4807 Vicecomitibus
