3462 5836
220 867 263 933 14
279 883 364 934 rou.
381 867 433 956 11.]
495 881 654 938 omasus
675 881 825 936 somusr
845 885 915 936 run
937 885 1110 938 wmvaas.
1204 873 1263 936 421

263 1073 310 1139 Et
344 1073 514 1140 Gallridus
543 1073 575 1140 le
605 1073 715 1162 Sorop,
747 1074 806 1161 qui
841 1075 990 1162 sequitur
1026 1098 1086 1163 pro
1125 1076 1269 1144 Domino
1282 1091 1415 1186 obseptus

218 1175 317 1262 Rege,
345 1176 434 1256 dicit,
459 1176 550 1262 quod
579 1198 654 1244 cum
681 1177 832 1293 praedicti
867 1177 978 1243 telarii
1005 1179 1150 1246 clamant
1181 1179 1290 1264 quod
1282 1143 1363 1244 lllur'e
1351 1193 1419 1236 'nr-Se

215 1279 326 1344 nullus
348 1301 462 1344 eorum
489 1280 588 1346 debet
611 1279 740 1366 operari
775 1279 864 1346 inter
896 1280 1018 1346 festum
1042 1280 1177 1348 Natalis
1200 1282 1268 1347 Do·
1281 1241 1417 1436 fflsspp

215 1381 298 1446 mini
321 1387 356 1446 et
377 1382 501 1448 festum
524 1381 769 1448 Purificationis
793 1381 906 1450 Beatae
930 1383 1055 1464 Mariae,
1083 1405 1144 1449 nec
1167 1384 1269 1449 otiam
1283 1396 1305 1438 ¹
1305 1397 1367 1438 cans

215 1483 257 1548 de
281 1487 376 1550 nocte
397 1505 456 1571 per
478 1483 655 1562 candelam,
694 1505 755 1550 nec
793 1485 895 1550 etiam
919 1485 1018 1576 quodj
1040 1485 1166 1552 faciant
1187 1509 1311 1573 pan-e
1281 1445 1375 1540 dellim
1368 1406 1438 1546 dlloe

215 1605 295 1650 num
311 1585 351 1652 de
367 1585 663 1653 Oandelwikstrcte
678 1587 787 1653 minus
802 1609 901 1676 quam
916 1587 953 1653 in
975 1594 1120 1676 quatuor
1134 1589 1268 1655 diebus·
1260 1527 1438 1702 3333&

216 1687 304 1773 quod
325 1687 427 1756 iidem
449 1688 590 1754 telarii
575 1711 647 1776 Jam
670 1689 711 1754 de
734 1712 831 1769 novo,
854 1691 917 1756 sub
940 1692 1045 1756 colore
1069 1691 1177 1757 Gildae
1200 1713 1268 1758 suae

215 1791 390 1876 praedictae,
420 1791 609 1879 hujusmodi
639 1792 863 1859 ordinationes
900 1792 989 1860 inter
1020 1815 1075 1860 eos
1112 1793 1267 1872 fecerunt,
1308 1805 1414 1852 1‘··²⁸0

215 1893 305 1978 quod
328 1894 440 1958 nullus
469 1915 583 1960 eorum
610 1894 710 1960 debet
730 1893 859 1982 operari
905 1895 941 1961 in
965 1895 1071 1960 forma
1100 1897 1267 1982 praedicta

216 1994 299 2075 Quae
322 1995 457 2081 quidem
479 1997 703 2062 ordinationes
727 1997 872 2063 suntad
897 1997 1063 2085 singultus
1087 1998 1269 2085 proficuum

214 2098 392 2164 eorumdem
416 2099 610 2164 telariorum
640 2106 675 2165 et
696 2121 870 2166 commune
894 2098 1103 2187 dispendium
1133 2101 1248 2189 populi
1260 2126 1270 2182 ;

216 2221 275 2286 pro
299 2223 344 2279 eo,
370 2200 459 2286 quod
483 2201 512 2266 si
535 2199 625 2266 infra
650 2206 782 2288 tempus
807 2201 1005 2288 praedictum
1039 2206 1074 2270 et
1101 2203 1204 2270 etiam
1229 2204 1270 2270 de

215 2307 311 2368 nocte
348 2323 407 2389 per
440 2302 611 2369 candelam
656 2307 879 2390 operarentur,
912 2308 947 2369 et
978 2305 1080 2370 etiam
1118 2306 1148 2370 si
1185 2327 1272 2372 unus

215 2428 344 2493 pennus
366 2405 407 2472 de
440 2405 741 2473 Oandelwikstrete
774 2406 811 2472 in
845 2406 975 2475 duobus
1008 2407 1063 2473 vel
1095 2405 1132 2472 in
1162 2409 1271 2474 tribus

216 2507 331 2574 diebus
354 2508 458 2589 fieret,
474 2501 575 2596 prout
598 2508 777 2595 aliquando
799 2508 872 2575 fieri
895 2515 1014 2596 posset,
1037 2509 1139 2576 iidem
1161 2511 1272 2576 telarii

215 2612 321 2678 multo
343 2611 453 2698 plures
483 2632 610 2697 pannos
632 2611 779 2677 facerent
800 2633 901 2697 quam
924 2612 1061 2690 faciunt,
1086 2622 1121 2679 et
1143 2619 1270 2698 quanto

214 2713 320 2799 major
360 2718 445 2780 esset
494 2733 651 2777 numerus
682 2734 877 2799 pannorum,
916 2717 1013 2779 tanto
1044 2713 1154 2780 minor
1185 2720 1270 2783 esset

213 2815 354 2881 karistia
390 2815 568 2880 eorundem
597 2818 632 2880 et
663 2819 776 2880 custus
805 2815 1014 2902 operationis
1029 2837 1162 2883 eorum.
1225 2818 1270 2882 Et

214 2919 322 3004 quoad
345 2918 415 2997 hoc,
439 2916 528 3003 quod
550 2915 703 3003 praedicti
740 2917 851 2982 telarii
873 2917 1019 2984 clamant
1041 2919 1132 3004 quod
1157 2919 1269 2985 nullus

212 3030 388 3090 extraneus
402 3023 579 3111 recipiatur
613 3022 701 3088 inter
723 3043 778 3088 eos
800 3024 1076 3109 manuoperan'us,
1093 3029 1162 3102 etc,
1178 3024 1269 3108 dicit,

213 3126 302 3212 quod
323 3126 488 3192 neminem
525 3129 722 3190 extraneum
756 3145 861 3210 neque
895 3125 1065 3211 privatum
1088 3125 1125 3190 in
1158 3148 1269 3194 eorum

214 3228 349 3295 Gildam
372 3228 515 3315 recipere
537 3231 663 3308 curant,
688 3226 753 3292 nisi
774 3226 924 3314 graviter
951 3226 1151 3309 redimatur3
1173 3229 1268 3294 mali·

213 3331 297 3398 tiose
334 3331 573 3410 machinantes,
607 3329 697 3416 quod
731 3333 858 3415 quanto
880 3328 990 3394 minor
1023 3333 1075 3394 est
1112 3351 1269 3400 numenio

213 3435 435 3523 operariorum
467 3434 509 3499 de
540 3455 654 3498 eorum
686 3431 879 3510 ministerio,
903 3435 999 3498 tanto
1027 3433 1136 3518 plures
1170 3434 1269 3500 dena·

212 3539 278 3604 rios
293 3536 458 3623 accepturi
474 3535 543 3602 sint
556 3555 616 3623 pro
632 3555 729 3622 opere
744 3555 825 3615 suo;
849 3534 939 3619 quod
957 3537 1008 3600 est
1023 3533 1067 3599 ad
1083 3535 1267 3602 maximum

213 3641 372 3716 damnum
394 3639 532 3705 Domini
555 3638 656 3726 Regis
687 3640 721 3703 et
752 3636 866 3724 populi
901 3636 976 3717 sui;
1009 3659 1069 3724 pro
1100 3659 1148 3719 eo,
1178 3639 1268 3724 quod

212 3749 337 3829 quanto
353 3742 463 3829 plures
485 3740 565 3806 boni
587 3740 729 3828 operarii
753 3739 794 3806 de
817 3759 931 3803 eorum
947 3739 1134 3805 ministerio
1149 3740 1267 3819 forent,

212 3849 309 3911 tanto
331 3844 442 3932 plures
461 3842 565 3932 pauni
580 3842 720 3922 fierent;
742 3847 778 3906 et
802 3841 892 3920 dicit,
910 3842 1001 3926 quod
1016 3847 1142 3928 quanto
1157 3842 1268 3930 plures

212 3947 316 4034 panni
330 3946 456 4027 fierent,
473 3949 570 4014 tanto
592 3945 702 4011 minor
724 3948 809 4011 esset
833 3943 975 4010 karistia
989 3946 1175 4011 eorundem.
1222 3946 1269 4015 Et

212 4048 399 4135 dicitquod
413 4048 540 4116 dudum
555 4048 692 4115 fuerunt
705 4048 743 4113 in
758 4067 871 4113 eorum
884 4045 984 4112 Gilda
999 4047 1127 4114 circiter
1141 4051 1267 4115 trecen-

212 4157 250 4218 ta
272 4152 487 4218 ustilementa
509 4156 545 4216 et
567 4152 720 4238 amplius,
735 4148 888 4237 praedicti
901 4149 1013 4214 telarii
1030 4148 1103 4236 jam
1119 4150 1160 4215 de
1179 4173 1267 4218 novo

211 4255 433 4320 ministerium
453 4253 537 4319 illud
562 4255 817 4332 restrinxerunt,
850 4275 912 4340 pro
934 4252 1096 4339 singulari
1122 4253 1267 4340 proficuo

211 4380 279 4436 suo,
303 4357 347 4423 ad
369 4378 471 4445 grave
494 4357 651 4422 damnum
675 4356 782 4422 totius
804 4353 927 4442 populi,
953 4355 1042 4440 quod
1064 4354 1126 4420 vix
1149 4361 1267 4441 quater

211 4462 336 4548 viginti
357 4459 546 4546 hujusmodi
568 4459 781 4526 ustilam0nta
806 4479 894 4524 nunc
914 4457 1003 4523 inter
1017 4457 1105 4546 ipsos
1119 4461 1266 4528 textores

211 4567 406 4630 remaneant
429 4563 472 4628 ad
495 4562 706 4651 operandum.

258 4667 304 4732 Et
326 4665 437 4732 telarii
464 4665 587 4744 dicunt,
620 4663 743 4752 quod
733 4663 797 4752 rpsi
824 4685 884 4752 per
913 4661 1072 4732 Chartam
1104 4659 1325 4752 Regisettn·

1277 4681 1406 4776 thallos-⁰r
