3600 5822
446 857 512 924 320
789 871 892 922 arnna
914 873 1158 926 ocerannum
1278 859 1339 948 [14
1355 877 1440 928 saw.
1459 873 1496 932 11.

445 1061 482 1126 in
504 1064 709 1148 perpetuum,
726 1062 761 1126 et
778 1062 927 1128 utantur.
972 1059 1019 1127 nt
1041 1059 1199 1128 concessit
1221 1061 1309 1129 idem
1333 1061 1497 1130 Dominus

447 1163 521 1230 Rex
546 1183 644 1242 nunc,
668 1182 729 1250 pro
754 1183 788 1228 se
810 1167 846 1230 ct
870 1163 1057 1230 haeredibus
1082 1164 1159 1245 suis,
1184 1164 1332 1252 prsefatis
1358 1165 1496 1244 civibus,

447 1265 536 1352 quod
551 1266 639 1331 idem
656 1265 736 1346 Rex,
754 1265 808 1331 vel
824 1265 969 1333 haeredes
983 1267 1046 1348 sui,
1062 1289 1124 1354 pro
1145 1268 1313 1356 aliquibus
1328 1269 1366 1334 in
1381 1269 1497 1335 eadem

447 1370 584 1436 civitate
609 1373 644 1434 ct
665 1368 832 1436 suburbiis
858 1369 1005 1457 ejusdem
1031 1371 1285 1458 emergentibus,
1308 1371 1395 1438 inira
1417 1371 1499 1438 civi·

448 1476 552 1538 tatem
586 1472 675 1538 illam
710 1495 778 1538 non
813 1473 1031 1561 assignabunt
1061 1473 1272 1541 Justiciarios
1300 1495 1384 1554 sues,
1415 1474 1498 1540 alios

449 1597 548 1662 quam
563 1575 587 1640 J
588 1574 771 1642 usticiarioe
786 1574 982 1642 itinerantes
997 1577 1086 1664 apud
1099 1575 1230 1642 Turrim
1246 1575 1498 1643 Londoniarum

448 1701 507 1765 pro
521 1677 713 1766 hujusmodi
737 1677 927 1759 Itineribus,
951 1683 987 1746 et
1011 1678 1223 1746 Justioiarios
1244 1701 1304 1768 pro
1329 1679 1434 1746 Gaola
1456 1681 1498 1746 de

325 1821 331 1834 ·
407 1819 416 1836 ·
450 1780 603 1868 Ncugatc
627 1780 847 1861 deliberanda,
871 1785 906 1848 et
930 1781 1093 1849 erroribus
1115 1782 1204 1870 apud
1226 1781 1386 1849 Sanctum
1410 1782 1498 1847 Mar·

449 1884 558 1950 tinum
602 1884 763 1973 Magnum
812 1884 1023 1973 corrigendis,
1062 1885 1149 1952 sicut
1196 1885 1382 1971 antiquitus
1426 1884 1499 1950 fieri

449 1988 639 2054 consuevit:
663 1988 756 2074 cujus
777 1987 910 2075 quidem
938 1987 1072 2056 Ohartae
1105 1985 1207 2076 ipsius
1238 1987 1376 2054 Domini
1399 1987 1500 2074 Regis

449 2113 546 2170 nunc,
563 2092 603 2184 dc
626 2091 882 2172 confirmatione,
907 2091 986 2158 data
1008 2095 1059 2158 eet
1081 2091 1171 2179 apud
1195 2090 1388 2170 Eboracum,
1413 2089 1496 2155 ¹viii

450 2195 505 2262 die
528 2194 552 2262 J
554 2195 633 2274 unii,
663 2217 752 2262 anno
790 2195 883 2283 regni
906 2195 958 2261 sui
980 2193 1146 2260 xii⁰.-Et
1172 2193 1283 2281 quoad
1311 2193 1383 2270 hoc,
1411 2192 1500 2279 quod

450 2299 595 2364 clamant
624 2297 745 2366 habere
779 2298 900 2386 Ripam
939 2297 1086 2386 Regina,
1118 2318 1193 2363 cum
1224 2295 1378 2363 omnibus
1400 2294 1501 2360 liber-

308 2467 365 2507 em
386 2417 428 2506 ⁰„
450 2400 587 2482 tatibus,
619 2407 689 2484 etc,
722 2401 839 2467 dicunt
875 2403 964 2489 quod
1002 2400 1166 2467 Dominus
1198 2399 1373 2479 Henricus,
1417 2398 1499 2478 Rex,

282 2517 308 2548 ⁸⁵
351 2519 431 2600 „⁸³⁰⁰”
451 2525 533 2570 avare
565 2504 702 2571 Domini
736 2505 835 2592 Regis
857 2527 954 2583 nunc,
977 2501 1111 2570 ‘xxvii’
1148 2503 1201 2570 dic
1232 2502 1388 2570 ianuarii
1413 2523 1501 2566 anno

450 2607 546 2692 regni
584 2607 635 2672 sui
672 2608 790 2688 xxvia,
838 2607 986 2696 inspexit
1023 2607 1190 2694 quandam
1238 2605 1501 2673 Conventiouem

450 2710 574 2776 factam
598 2709 687 2776 inter
718 2710 906 2794 Ricardum,
944 2711 1108 2778 Comitem
1139 2709 1325 2788 Gornubiae,
1364 2709 1500 2775 fratrem

451 2831 557 2894 suum,
582 2834 625 2878 ex
663 2818 759 2901 parte
789 2835 865 2892 una,
903 2818 938 2880 et
983 2835 1157 2882 comunem
1191 2812 1340 2880 civitatis
1372 2811 1501 2878 Londo-

451 2917 590 2995 niarum,
615 2937 657 2982 ex
679 2921 774 3003 parte
796 2916 909 2996 altera,
934 2937 1105 3004 perquam
1128 2915 1216 2982 idem
1236 2915 1360 2994 (lomes,
1384 2935 1445 3002 pro
1468 2935 1502 2981 ee

453 3021 488 3085 et
502 3018 688 3085 haeredibus
709 3019 785 3098 suis,
810 3019 969 3086 concessit
991 3019 1122 3085 cuidam
1135 3017 1284 3085 Johanni
1307 3017 1348 3084 de
1372 3017 1498 3094 (lisera,

454 3122 575 3208 Majori
598 3121 850 3202 Iondoniarum‚
867 3127 902 3188 et
925 3121 1071 3208 ejusdem
1093 3121 1240 3188 civitatis
1262 3121 1502 3199 communitati,

455 3226 544 3312 quod
578 3226 680 3292 iidem
712 3225 821 3313 Major
852 3230 888 3291 et
913 3226 1139 3304 communitas,
1169 3230 1204 3290 et
1226 3246 1339 3291 omnes
1363 3223 1504 3310 Majores

456 3333 530 3416 poet
552 3329 669 3417 ipsum,
692 3333 726 3396 et
748 3333 823 3395 tota
845 3350 986 3394 comune
1008 3328 1154 3414 ejusdem
1177 3327 1334 3407 civitatis,
1358 3327 1504 3392 habeant

456 3437 491 3497 et
513 3437 650 3498 teneant
681 3431 802 3520 Riparn
826 3431 963 3519 Reginae
993 3430 1126 3497 civitati
1149 3431 1404 3508 Londoniarum,
1428 3451 1505 3495 cum

454 3535 607 3602 omnibus
629 3535 851 3615 libertatibus,
877 3533 1179 3614 consuetudinibus,
1196 3538 1231 3600 et
1245 3533 1320 3598 aliis
1341 3533 1439 3599 rebus
1461 3533 1505 3598 ad

454 3660 525 3705 eam
550 3639 785 3725 spectantibus,
824 3637 867 3704 ad
898 3635 988 3704 feodi
1018 3637 1156 3716 firmam,
1188 3658 1248 3724 pro
1276 3636 1405 3702 llibris
1433 3634 1505 3701 red·

454 3740 571 3806 dendis
622 3763 681 3828 per
725 3761 851 3806 annum
895 3739 985 3827 apud
1031 3738 1295 3818 Olerkcnewelle,
1342 3737 1385 3803 ad
1423 3737 1505 3803 duos

453 3843 620 3923 terminos,
648 3841 781 3924 scilicet,
804 3841 848 3908 ari
870 3841 1018 3908 clausum
1034 3841 1169 3908 Paschae
1191 3861 1264 3908 xxv
1286 3841 1395 3920 libras,
1413 3845 1447 3906 et
1468 3841 1505 3906 in

455 3944 590 4013 Octabis
621 3944 736 4011 Sancti
766 3944 939 4011 Michaelis
961 3965 1033 4010 xxv
1055 3944 1165 4010 libras.
1222 3943 1331 4023 Quam
1370 3943 1503 4030 quidem

454 4047 719 4117 Conventionem
733 4047 822 4114 idem
839 4047 1003 4113 Dominus
1019 4045 1092 4112 Rex
1116 4045 1292 4125 Henricus,
1317 4067 1409 4124 avus,
1434 4051 1504 4124 etc,

453 4157 562 4218 ratam
592 4151 715 4217 habens
753 4154 789 4217 et
825 4155 963 4238 gratam,
988 4171 1069 4230 eam,
1102 4171 1161 4236 pro
1198 4171 1233 4216 se
1263 4153 1298 4215 et
1321 4147 1506 4215 haeredibus

454 4255 530 4334 suis,
559 4253 717 4321 concessit
749 4258 784 4320 et
820 4253 1039 4320 confirmavit.
1085 4249 1131 4319 Et
1168 4251 1341 4338 proferunt
1378 4251 1507 4316 littems

453 4357 556 4445 ipsius
580 4357 716 4424 Domini
740 4356 841 4444 Regis
858 4355 1003 4436 Henrici,
1019 4355 1086 4437 avi,
1101 4359 1170 4434 etc,
1194 4356 1236 4421 de
1258 4352 1506 4420 confirmatione

489 4625 497 4655 ¹
508 4623 591 4678 Given
603 4637 631 4674 as
646 4623 688 4674 tha
699 4626 715 4652 “
726 4621 807 4674 letb”
818 4620 881 4686 inp.
893 4625 951 4684 268,
1018 4617 1070 4668 'In
1087 4617 1106 4670 f.
1122 4623 1164 4680 82,
1180 4632 1205 4682 p.
1217 4621 1258 4677 47,
1269 4623 1334 4675 ante,
1350 4615 1393 4667 the
1411 4616 1468 4666 date
1485 4615 1507 4666 ie

456 4711 519 4754 ante.
985 4699 1063 4764 given
1096 4711 1124 4749 aa
1157 4697 1219 4748 aeth
1244 4697 1384 4762 February,
1413 4699 1508 4748 “anno

985 4777 1057 4847 regni
1069 4776 1158 4832 aaut?
