3462 5836
205 893 246 960 14
259 911 342 962 nnn.
354 893 406 982 11.]
423 911 583 975 mourer
597 913 679 964 rmo
694 911 775 964 snm
791 895 1043 963 rrsnnorsonns’
1058 908 1175 960 erens.
1193 893 1257 960 389

204 1103 221 1132 ‘⁸
244 1096 476 1186 impediantur,
505 1101 600 1168 vobis
623 1098 839 1188 praecipimus,
865 1099 953 1186 quod
979 1097 1007 1164 si
1030 1097 1080 1163 ita
1102 1100 1160 1174 est,
1178 1100 1259 1161 tunc

204 1207 222 1234 ‘¹
244 1201 287 1265 ab
318 1201 506 1289 hujusmodi
541 1201 785 1290 impedimentis
822 1201 970 1288 praefatis
999 1199 1187 1287 piscenariis
1220 1221 1260 1264 ea

203 1307 221 1336 ‘³
244 1305 411 1371 occasione
433 1305 612 1371 inferendis
636 1305 830 1372 desistentes
858 1303 947 1391 ipsos
983 1301 1098 1368 allecia
1128 1304 1163 1366 et
1192 1301 1260 1366 alia

203 1413 220 1438 “
243 1427 364 1492 genera
400 1407 546 1494 piscium,
580 1428 639 1494 per
664 1406 752 1494 ipsos
789 1407 824 1471 et
861 1427 974 1471 eorum
1012 1405 1192 1470 servientes
1215 1401 1258 1467 ad

204 1514 222 1542 “
246 1507 370 1573 dietam
407 1509 580 1574 eisitatem
618 1507 726 1586 dueta,
764 1507 801 1571 in
838 1507 948 1595 shopis
987 1507 1055 1572 suis
1092 1504 1259 1594 praedictis

205 1617 344 1697 “super
374 1609 496 1676 Kaiam
522 1609 716 1696 praedictam
748 1608 902 1676 omnibus
934 1608 1123 1694 hujusmodi
1145 1607 1259 1673 allecia

204 1720 222 1746 “
244 1716 280 1776 ct
294 1711 416 1799 piscem
432 1733 538 1778 emere
560 1712 759 1789 volentibus,
775 1713 812 1777 in
834 1732 947 1799 grosso
963 1715 998 1776 et
1020 1711 1063 1776 ad
1085 1710 1257 1788 retalliam‚

204 1819 343 1901 “prout
365 1820 528 1902 emptores
556 1815 606 1880 illi
629 1813 836 1900 indiguerint
874 1819 909 1880 et
938 1834 1046 1880 emere
1081 1813 1257 1892 voluerint,

204 1924 221 1950 “
245 1916 388 1983 vendere
411 1916 613 2004 permittatis
625 1940 633 1997 ;
663 1916 750 1982 nihil
783 1917 820 1982 in
845 1915 958 2004 populi
981 1915 1087 1982 nostri
1109 1915 1259 2004 praedicti

205 2027 223 2053 “
246 2019 452 2106 dispendium
473 2041 531 2086 seu
553 2018 719 2086 dictorum
742 2019 999 2107 piscenariorum
1021 2018 1257 2106 praejudicium,
1298 2021 1402 2068 ΕΜ·

204 2129 222 2155 “
244 2121 338 2187 nobis
372 2121 574 2201 inconsultis,
613 2122 710 2188 aliter
740 2143 841 2209 quam
879 2121 1037 2188 hactenus
1076 2121 1146 2186 fieri
1184 2144 1260 2188 con·.

204 2232 223 2259 “
245 2224 356 2290 suevit
384 2225 518 2291 noviter
550 2228 796 2312 attemptantes
859 2223 957 2290 Teste
998 2223 1132 2311 meipso,
1171 2225 1259 2313 apud

204 2331 222 2360 “
245 2325 408 2408 Fulmere,
453 2325 538 2396 xviii
575 2326 628 2393 die
669 2327 823 2415 Augusti,
874 2347 962 2393 anno
1013 2327 1108 2414 regni
1153 2327 1259 2394 nostri

249 2677 454 2765 Praeceptum
476 2681 527 2743 est
551 2674 810 2744 Gomnatoribus
831 2669 979 2740 civitatis
1003 2668 1258 2748 londoniarum,
1272 2696 1415 2794 mma

204 2780 292 2865 quod
314 2780 427 2846 venire
450 2778 574 2845 faciant
605 2800 714 2845 coram
742 2777 885 2844 Domino
910 2776 1008 2863 Rege,
1040 2774 1129 2862 apud
1151 2768 1260 2838 west
1273 2799 1420 2844 amnena>

201 2883 445 2962 monasterium,
476 2882 538 2947 hac
569 2882 710 2948 instanti
749 2880 802 2946 die
844 2877 941 2944 Jovis
986 2876 1140 2965 proxima
1183 2878 1258 2962 post
1273 2851 1420 2952 diffid-

202 2983 323 3052 festum
345 2984 583 3073 Apostolorum
600 2983 744 3049 Simonis
764 2985 800 3048 et
821 2980 931 3061 Judse,
955 2978 1055 3045 xxiiii
1078 2983 1148 3044 tam
1171 2978 1260 3042 cives
1273 2949 1412 3056 biii-iltis

203 3107 302 3172 quam
318 3085 400 3152 alios
420 3088 539 3174 probos
561 3090 597 3152 et
618 3084 740 3174 legales
761 3079 928 3150 homines¹
952 3079 1208 3170 proximioribus
1230 3080 1261 3145 le
1272 3051 1343 3106 ’ψ’

204 3187 385 3254 Fishwarfe
420 3188 676 3268 Lcndoniarum‚
699 3209 758 3276 per
789 3207 872 3274 quos
904 3185 954 3250 rei
987 3183 1110 3250 veritas
1143 3182 1261 3248 melius

203 3290 279 3356 sciri
300 3290 430 3378 poterit,
465 3291 523 3378 qui
554 3290 732 3378 piscatores
766 3287 1012 3355 Londoniarum
1034 3285 1127 3352 nulla
1156 3285 1261 3351 affini-

202 3396 274 3458 tate
303 3394 481 3481 attingant,
505 3393 549 3458 ad
578 3391 822 3480 inquirendum,
846 3413 904 3480 per
930 3411 1044 3458 eorum
1078 3410 1260 3456 sacramen·

203 3498 286 3576 tum,
316 3495 345 3559 si
381 3495 554 3584 piscenarii
579 3495 629 3562 ‘de
668 3495 757 3562 Kaia
787 3515 874 3583 qua¹
898 3499 1036 3562 vocatur
1067 3493 1127 3562 “lc
1161 3491 1260 3560 rut-

207 3604 225 3632 '‘
246 3595 349 3684 worse
362 3596 379 3624 ''
403 3597 656 3678 Londoniarum‚
673 3602 835 3665 eteorum
857 3602 1075 3665 antecessores
1097 3616 1155 3664 seu
1176 3619 1260 3685 prae-

206 3699 398 3782 decessores,
430 3700 613 3788 piscenarii,
650 3701 765 3768 allecia
806 3704 841 3767 et
879 3699 945 3766 alia
978 3701 1109 3768 diversa
1139 3723 1260 3788 genera

205 3802 344 3889 piscium
376 3809 448 3869 tam
479 3825 539 3891 per
570 3809 692 3870 terram
723 3823 822 3890 quam
855 3825 914 3890 per
943 3823 1073 3890 aquam,
1096 3825 1157 3892 pro
1188 3825 1259 3869 sns-

205 3905 389 3972 tentatione
411 3907 525 3993 populi
548 3906 694 3993 ejusdem
726 3906 873 3973 civitatis
903 3912 938 3973 et
959 3904 1003 3972 ad
1025 3906 1162 3973 eandem
1186 3928 1260 3974 con·

205 4007 389 4089 fluentium,
406 4031 427 4074 a
441 4013 590 4096 tempore
613 4030 678 4097 quo
700 4029 768 4075 non
791 4013 886 4076 extat
908 4009 1073 4088 memoria,
1090 4031 1194 4096 usque
1217 4009 1260 4074 od

204 4109 376 4178 civitatem
399 4110 491 4177 illam
515 4112 631 4179 ducere
654 4117 688 4178 et
718 4113 755 4177 in
781 4110 892 4198 shopis
913 4133 1011 4200 super
1033 4111 1155 4177 Kaiam
1178 4133 1261 4199 prae-

204 4213 327 4279 dictam
357 4215 506 4282 consueti
547 4215 672 4281 fuerint
703 4214 847 4282 vendere
879 4219 914 4281 et
944 4214 1131 4281 venditioni
1162 4235 1261 4302 expo-

203 4337 290 4398 nere,
306 4322 377 4383 tam
392 4317 428 4382 in
450 4337 563 4404 grosso
586 4339 685 4405 quam
707 4316 931 4405 particulatim
947 4319 990 4384 ad
1011 4318 1185 4398 retalliam,
1202 4340 1262 4405 pro

204 4418 377 4486 voluntate
400 4424 587 4507 emptorum
609 4419 787 4486 eorundem
820 4420 983 4508 piscium3
1012 4421 1098 4486 sicut
1120 4419 1263 4488 Thomas

204 4517 374 4601 Pikeman,
409 4521 573 4589 Henricus
604 4521 774 4602 Poteman,
807 4527 843 4588 et
875 4521 1045 4590 dobanncs
1079 4523 1199 4610 Aleyn,
1222 4525 1263 4590 de

205 4621 395 4705 Londoniis,
412 4626 471 4713 qui
485 4647 545 4716 pro
561 4626 708 4693 Domino
732 4625 823 4714 Rege
845 4631 1038 4714 sequuntur,
1062 4649 1171 4695 necne
1217 4627 1264 4694 Et

289 4831 297 4864 ¹
311 4833 346 4884 So
356 4831 383 4883 ln
396 4833 438 4885 the
448 4832 565 4901 original,
576 4833 620 4887 tte
630 4833 713 4887 words
728 4831 758 4886 dc
775 4829 876 4886 Wcrdis
885 4849 929 4888 are
939 4835 1061 4902 probably
1072 4835 1183 4888 omitted.
