3636 5820
303 935 341 996 ιι
356 945 439 996 ssu.
452 928 521 1016 ιιι]
537 939 776 994 οιιοιιιοσιιοιι
791 940 836 990 os
852 939 978 992 mons
992 939 1040 992 ou
1056 941 1126 990 nnn
1140 938 1285 992 sununs.
1307 927 1349 989 '41

305 1129 453 1195 homines
469 1130 511 1196 de
527 1127 634 1210 Rcffe,
650 1131 685 1196 et
700 1123 745 1194 de'
758 1127 890 1207 Serene,
906 1129 996 1194 etde
1011 1126 1116 1207 Olive,
1131 1126 1354 1215 perimpetrc·

304 1233 428 1298 tionem
454 1233 606 1299 tulerunt
632 1231 733 1297 breve
750 1230 888 1296 Domini
915 1231 1016 1318 Regis
1039 1232 1198 1318 preodicto
1223 1230 1353 1316 Majori,
1401 1239 1499 1292 nene

305 1334 568 1412 vicecomitibus,
585 1339 621 1400 et
650 1333 726 1400 eliis
751 1333 964 1420 magnetibus
986 1333 1143 1416 civitntis,
1158 1339 1199 1400 ut
1228 1334 1355 1422 possint

304 1459 373 1503 esse
395 1437 570 1525 replegieti
584 1457 688 1523 usque
711 1435 755 1502 cd
774 1437 955 1502 adventurn
979 1436 1113 1506 Domini
1129 1435 1229 1524 Regis
1243 1437 1355 1525 proxi·

305 1563 359 1606 mc
383 1540 579 1608 Londonion
626 1539 669 1604 In
696 1538 845 1605 adventu
867 1559 946 1605 vero
961 1538 1097 1606 Domini
1124 1539 1235 1632 Regis,
1252 1561 1355 1606 ecces-

304 1648 420 1709 serunt
447 1643 565 1730 Major,
594 1641 820 1723 vicecomites,
845 1645 881 1708 et
910 1641 969 1706 elii
993 1647 1168 1730 magnetes
1197 1641 1356 1720 civitatis,

304 1746 346 1810 ed
373 1746 482 1832 ipsum
520 1745 703 1810 Dominum
736 1743 862 1830 Regem
894 1744 984 1831 apud
1016 1745 1355 1822 westmonasterium,

305 1849 476 1935 cupientes
491 1849 523 1914 ei
538 1848 710 1915 ostendere
725 1846 888 1932 quomodo
904 1852 939 1913 et
962 1870 1028 1934 que
1052 1848 1183 1914 ratione
1206 1847 1356 1914 homines

305 1951 345 2016 de
360 1951 505 2036 kydellis
529 1953 619 2038 copti
641 1949 788 2017 fuissent
850 1949 1015 2017 Dominus
1039 1955 1150 2017 eutem
1176 1951 1259 2034 Rex,
1284 1950 1358 2038 plu-

305 2053 396 2120 ribus
411 2056 507 2141 regni
528 2056 580 2120 sui
602 2056 745 2144 negotiis
771 2055 934 2137 intentus,
950 2055 1038 2121 diem
1054 2057 1102 2122 eis
1122 2056 1246 2122 statuit
1268 2053 1358 2141 apud

307 2157 551 2245 Kenyngtone:
579 2161 613 2223 et
636 2179 711 2226 cum
736 2157 843 2224 ¹esset
868 2158 942 2224 Rex
965 2157 1023 2239 ibi,
1045 2155 1268 2224 veneruntad
1284 2177 1359 2222 eum

305 2259 453 2326 homines
465 2260 505 2327 de
518 2259 623 2342 Roffe,
636 2261 722 2328 etde
736 2258 868 2340 Strode,
883 2260 970 2327 etde
984 2259 1086 2340 Olive,
1097 2265 1132 2326 et
1143 2259 1360 2327 ostenderunt

306 2364 336 2428 ci
351 2363 439 2450 quod
455 2363 498 2428 od
509 2365 720 2450 praesentiam
736 2385 831 2430 suem
845 2363 1100 2450 replegiaverint
1113 2363 1262 2429 hemines
1273 2383 1359 2440 snos,

221 2485 227 2494 ·
307 2471 342 2530 ct
374 2487 442 2530 non
474 2464 565 2531 olibi.
620 2465 695 2547 Quo
727 2465 852 2547 audito,
886 2465 1051 2531 Dominus
1083 2465 1157 2531 Rex
1186 2463 1361 2530 mandevit

308 2566 437 2653 Majori,
454 2567 719 2646 vicecomitibus,
744 2573 780 2634 et
806 2567 882 2633 eliis
903 2567 1118 2654 magnetibus
1140 2567 1299 2647 civitatis,
1321 2570 1361 2631 ut

307 2668 457 2735 celeriter
469 2669 629 2736 venirent
638 2674 754 2736 contre
764 2669 848 2752 illos,
861 2673 896 2736 et
903 2670 1029 2736 ferrent
1044 2691 1154 2736 secum
1170 2668 1362 2736 Obertesde

307 2770 520 2837 libertatibus
547 2771 623 2838 suis.
668 2771 852 2840 Praedictue
872 2777 985 2838 autem
1001 2771 1117 2858 Major,
1135 2770 1360 2851 Vicecomites,

309 2872 472 2939 Ricardus
495 2873 665 2962 Re[n]ger,
694 2875 862 2942 Gerendus
885 2875 960 2956 Bet,
989 2873 1185 2961 Rodulphus
1214 2873 1361 2959 Esscwy‚

308 2978 444 3048 Josceus
474 2980 563 3046 filius
593 2979 695 3062 Petri,
727 2980 899 3048 Johennes
929 2981 1081 3061 iidsscn,
1113 2979 1286 3067 Philippus
1320 2980 1362 3044 dc

306 3083 489 3172 Ιιογοοοιιο,
517 3085 684 3158 Robertus
704 3086 746 3153 de
773 3086 927 3174 Bssinge,
942 3086 1100 3153 Werinus
1126 3086 1215 3152 filius
1239 3085 1362 3151 Nicho·

307 3187 361 3265 lai,
378 3194 503 3254 etcum
518 3188 565 3254 eis
583 3188 794 3275 quamplures
816 3189 876 3255 clii
899 3194 1070 3277 magnetes
1093 3188 1249 3267 civitatis,
1261 3187 1364 3274 juxto

308 3289 444 3355 Domini
472 3290 572 3376 Regis
595 3291 791 3357 mundatum
815 3299 948 3379 eccepto
974 3292 1103 3374 itinere,
1130 3294 1293 3358 venerumt
1319 3289 1363 3356 ed

308 3389 535 3478 Kenyntone3
567 3397 602 3459 et
633 3391 797 3461 Dominus
825 3393 899 3460 Rex
932 3395 1011 3461 fecit
1040 3417 1096 3461 ecs
1120 3394 1158 3459 in
1187 3393 1364 3481 praesentie

308 3515 368 3560 sne
382 3495 488 3576 afferi,
513 3500 548 3561 et
573 3495 796 3584 interrogavit
823 3517 878 3562 eos
900 3497 943 3562 ob
968 3517 1068 3582 quem
1091 3515 1232 3576 censam,
1243 3495 1299 3562 vel
1320 3493 1363 3560 ob

308 3597 397 3683 quod
420 3596 587 3679 delictum,
602 3597 668 3685 ipsi
682 3598 796 3665 fideles
811 3598 960 3664 homines
985 3619 1061 3665 suos
1077 3602 1148 3663 tom
1164 3619 1247 3663 cusu
1261 3602 1365 3662 teme·

307 3700 394 3767 reric
410 3704 619 3780 mutassent,
635 3705 671 3768 et
694 3699 965 3788 imprisonessent
987 3701 1038 3766 ito
1060 3699 1192 3786 injuste.
1238 3699 1284 3765 Et
1300 3698 1365 3786 ipsi

308 3802 542 3888 respondentes
568 3801 740 3886 dixenmt‚
767 3804 857 3890 quod
881 3825 936 3869 eos
957 3803 1048 3889 juste
1078 3806 1309 3868 urestsvernnt
1331 3806 1366 3867 et

309 3904 621 3992 imprisoneverunt,
653 3911 689 3972 et
724 3907 768 3972 nd
798 3907 956 3974 honorem
990 3906 1056 3973 Dei
1081 3910 1116 3973 et
1140 3906 1245 3972 totius
1271 3904 1365 3992 regni

308 4007 370 4074 hoc
391 4008 562 4091 fecenmt3
585 4029 624 4074 eo
640 4008 729 4095 quod
752 4015 1012 4098 transgressores
1037 4009 1233 4075 libertatum
1259 4011 1363 4088 erunt,

309 4115 344 4176 et
369 4110 523 4176 similiter
537 4111 573 4176 in
588 4111 704 4177 multis
731 4111 964 4180 malefectores
1012 4112 1100 4194 Quis
1119 4116 1292 4199 operantes
1313 4110 1364 4174 in·

310 4213 567 4296 muniuerunt,
584 4220 620 4280 et
634 4214 815 4296 fociontes;
842 4215 961 4304 primo,
978 4218 1093 4281 contre
1107 4213 1265 4280 honorem
1289 4212 1365 4293 Dei,

309 4321 345 4384 et
374 4316 417 4382 ed
447 4316 630 4386 maximum
666 4317 876 4405 dispendium
906 4317 1013 4384 totius
1042 4317 1144 4404 regni
1202 4315 1363 4396 Secundo,

309 4423 426 4487 contre
435 4418 635 4507 dignitatem
650 4420 778 4486 coronis
799 4441 876 4488 suae.
922 4419 1044 4500 Tertio,
1060 4425 1177 4485 contra
1192 4418 1365 4485 libertctes

310 4521 458 4588 civitatis
472 4543 541 4589 sum
557 4522 816 4604 Londonierum,
832 4523 889 4604 eis,
911 4525 953 4588 ut
979 4521 1132 4609 superius
1156 4521 1283 4588 dictum
1306 4526 1366 4604 est,

311 4645 477 4700 concessus
496 4629 532 4692 et
551 4625 783 4708 confirmetcs3
798 4630 834 4693 et
860 4625 962 4691 etiem
988 4624 1033 4690 ed
1057 4625 1241 4691 maximum
1265 4624 1367 4691 detri-

488 4881 620 4935 'written
637 4897 712 4942 m,
734 4881 770 4948 by
788 4879 972 4945 lundrertenoe,
983 4881 1009 4932 ln
1019 4881 1063 4934 the
1074 4881 1188 4949 original.
