3648 5816
301 861 424 926 trnrr.
440 856 494 946 11.]
522 870 765 924 Arrorrrrrrrr
789 872 832 922 or
854 869 878 920 r
900 870 1222 923 nrrnrr-corornn
1293 857 1356 922 113

302 1060 326 1124 ii
358 1059 481 1141 solidis,
515 1057 731 1147 ingrediendo
755 1061 790 1124 et
812 1057 972 1136 exeundo,
996 1079 1071 1122 oum
1093 1058 1189 1124 bonis
1212 1057 1288 1137 suis,
1312 1058 1355 1122 od

301 1161 438 1228 Portom
460 1161 501 1226 de
524 1161 785 1248 Bisshopesgote,
809 1182 847 1227 eo
878 1161 967 1246 quod
998 1165 1177 1226 onerantur
1210 1161 1252 1226 de
1285 1181 1355 1226 ous-

301 1264 392 1330 todin
406 1268 442 1330 et
462 1263 669 1350 reparatione
690 1269 796 1350 portae
817 1262 991 1350 praediotae,
1010 1266 1070 1329 ete
1116 1262 1163 1328 Et
1185 1261 1356 1330 solverunt

300 1387 359 1452 pro
381 1365 610 1433 irrotuletione
632 1365 658 1430 ii
680 1365 801 1431 solidos
824 1365 860 1432 vi
886 1364 1046 1432 denarios.

300 1677 402 1744 Breve
420 1676 525 1762 Rapis
551 1677 730 1756 Edwardi,
749 1677 830 1765 filii
854 1677 959 1764 Rapio
985 1675 1144 1758 Homini,
1171 1675 1220 1743 ad
1246 1675 1353 1762 dopo·

388 1777 540 1848 tandum
554 1777 754 1847 Jotaooem
777 1779 807 1846 le
832 1777 943 1848 Oterke
965 1778 1009 1848 to
1030 1778 1181 1867 officinm
1205 1777 1354 1847 soron-

389 1881 482 1963 tom,
499 1880 569 1949 loeo
589 1880 753 1950 thtelant‘
770 1883 896 1950 Proeto.

345 2006 461 2073 “Rex
484 2006 605 2094 Majori
637 2011 672 2074 et
694 2007 951 2074 Vioeoomitibus
986 2007 1244 2088 Londonierum‚
1267 2005 1353 2072 solu·
1367 2025 1439 2118 pom
1447 2027 1517 2080 wer,

300 2113 319 2144 “
340 2113 417 2175 tem.
465 2109 549 2176 Oum
565 2109 704 2176 dilectus
718 2110 864 2176 serviens
886 2116 1006 2187 noster,
1024 2108 1209 2175 Wiilelmus
1223 2108 1352 2189 trente,
1366 2079 1515 2231 ffiffiss-

299 2215 320 2246 “
342 2209 550 2278 Camerarius
579 2217 699 2292 noster,
723 2213 767 2277 od
790 2211 883 2298 cujus
905 2211 1064 2278 botlivam
1087 2211 1229 2278 officium
1253 2211 1352 2276 Coro·
1365 2231 1472 2282 appoint-

301 2317 320 2349 “
341 2313 467 2379 noteris
488 2309 526 2379 in
559 2313 697 2380 civitate
719 2319 834 2380 nostro
855 2314 1014 2402 praediotn
1035 2315 1190 2401 pertinet,
1213 2334 1273 2400 pro
1296 2335 1352 2379 ne·
1365 2281 1485 2382 ἔίῑέῗιῗῖιιιῖἷὓ

300 2419 319 2451 “
340 2415 440 2502 gotiis
462 2416 592 2496 nostris,
609 2416 730 2503 quibus
752 2417 795 2482 nd
819 2437 962 2503 praesens
980 2415 1110 2504 jugiter
1130 2415 1286 2493 intendit,
1309 2416 1352 2480 od
1366 2393 1467 2425 torono.

302 2523 320 2552 ‘⁸
342 2516 483 2583 officium
515 2518 599 2583 illud
632 2518 863 2604 exequendum
895 2518 1112 2606 personaliter
1144 2539 1263 2583 vocare
1285 2539 1353 2582 non

301 2627 318 2654 “
340 2620 467 2706 possit;
491 2623 525 2686 et
551 2642 611 2707 per
632 2619 761 2686 litteras
784 2641 860 2686 suas
883 2625 1038 2708 patentes
1053 2619 1269 2708 deputaverit
1291 2618 1353 2685 sub

300 2727 321 2758 “
342 2743 377 2786 se
400 2720 587 2788 iohannem
609 2720 639 2788 le
664 2721 790 2800 clerks,
815 2722 859 2788 od
882 2744 921 2789 ea
943 2744 1017 2808 qnae
1039 2723 1082 2788 ad
1105 2721 1247 2788 officinm
1269 2721 1353 2788 illud

299 2831 318 2858 “
340 2823 463 2889 ibidem
478 2823 648 2912 pertinent
670 2824 1013 2911 exequendo-Vobis
1037 2825 1240 2904 mandamus,
1265 2823 1352 2910 qnod

299 2927 447 3012 “ipsum
472 2925 668 3006 tonsorem,
692 2927 763 2992 loco
785 2927 917 3014 praeioti
940 2926 1106 3006 Willelmi,
1130 2928 1174 2992 ad
1202 2927 1264 2992 hoo
1294 2927 1352 2992 od·

301 3035 319 3064 “
340 3029 494 3108 mittetis,
518 3034 553 3094 et
575 3029 607 3094 ei
629 3029 665 3094 in
688 3029 851 3111 omnibns,
874 3049 948 3116 quae
969 3029 1013 3094 od
1044 3028 1186 3095 officium
1208 3029 1293 3094 illud
1316 3029 1353 3094 in

300 3139 319 3166 “
341 3131 477 3196 civitate
515 3131 675 3216 praedioto
712 3131 889 3218 pertinent,
919 3130 1131 3197 intendentes
1171 3129 1285 3197 ¹soitis
1317 3136 1352 3196 et

296 3240 314 3270 “
336 3233 579 3320 respondentes,
604 3238 705 3320 prout
740 3233 900 3300 haetenus
924 3233 960 3298 in
983 3254 1061 3298 casu
1093 3233 1256 3299 consimili
1279 3232 1352 3299 fieri

299 3335 518 3402 “consuevit
565 3335 663 3401 Teste
686 3334 818 3423 meipso,
843 3334 960 3423 [apud]
986 3333 1149 3421 Odyham,
1183 3335 1354 3400 vicesimo-

300 3437 483 3524 “septimo
511 3437 567 3504 die
582 3437 783 3515 Decembris,
812 3458 899 3503 enno
922 3438 1016 3524 regni
1039 3437 1146 3503 nostri
1172 3437 1352 3505 tricesimo·

299 3545 319 3577 ιι
340 3539 476 3628 primoj’

300 3853 404 3922 Breve
435 3853 539 3941 Rapis
564 3854 748 3938 Edwardt,
770 3855 850 3944 fito·
876 3854 983 3942 Rapis
1015 3853 1194 3936 Edwardi,
1220 3853 1352 3941 Majoot

389 3963 420 4025 ot
448 3955 717 4039 Vtaeomnttttos,
737 3979 804 4046 pro
832 3957 975 4026 Woltero
997 3957 1039 4026 de
1066 3956 1276 4045 Waldaeohef,
1303 3956 1352 4024 ad

381 4057 592 4148 faciendum
620 4059 805 4127 Robeetwm
835 4059 877 4128 de
902 4059 1099 4150 &rothome
1126 4060 1239 4130 lorum
1264 4059 1350 4148 ejus-

388 4161 467 4230 dem
489 4161 721 4231 montotto
746 4161 851 4250 officio
876 4161 1103 4231 Coronatmte.

345 4358 364 4387 “
386 4351 461 4417 Rex
473 4351 594 4439 Majori
609 4357 644 4419 et
655 4353 912 4420 Vioeoomitibus
929 4352 1183 4434 Londonierum,
1200 4353 1350 4420 salutem.
1363 4376 1510 4432 πομπή,

298 4457 319 4490 “
342 4451 427 4519 Cum
449 4453 589 4521 dilectus
610 4455 757 4521 serviens
771 4459 892 4534 noster,
909 4454 1077 4522 Walterus
1098 4456 1141 4522 de
1155 4455 1350 4536 Wnldeshef,
1364 4429 1510 4528 mgr-w

301 4561 320 4590 “
343 4555 505 4622 Pineerna
527 4563 648 4639 noster,
673 4557 717 4624 od
748 4557 841 4644 eujus
863 4557 1022 4624 ballivom
1044 4556 1187 4624 officium
1211 4558 1354 4627 Corona·
1365 4529 1476 4625 titti‘

718 4765 947 4834 offirmo.

389 4862 468 4916 vor.
488 4863 525 4913 11.
1194 4864 1222 4915 11
