3600 5822
396 871 463 938 332
731 885 834 938 aranu
854 881 1098 938 currentiam
1232 871 1292 960 [14
1308 889 1392 938 nnn.
1408 881 1447 938 11.

395 1073 531 1156 reeordi,
547 1078 582 1140 et
604 1073 702 1160 quod,
718 1073 797 1140 lieet
812 1073 848 1139 in
863 1073 1020 1161 praedicto
1042 1073 1137 1140 brevi
1159 1073 1335 1140 anterioris
1357 1073 1446 1138 datae

396 1177 606 1244 eontineatur
628 1177 717 1263 quod
740 1175 889 1264 pistores,
917 1176 1123 1256 braeiatores,
1150 1182 1221 1255 ete,
1245 1199 1303 1264 per
1332 1197 1447 1264 poenes

396 1279 578 1366 corporales
599 1284 635 1345 et
663 1279 729 1344 elia
750 1279 880 1366 flagitia
902 1279 1112 1367 castigentur,
1136 1285 1250 1346 temen
1272 1301 1314 1366 ex
1337 1277 1448 1344 verbis

396 1381 462 1448 illis
484 1404 553 1448 non
575 1385 686 1468 potest
700 1380 772 1447 eliei
795 1381 885 1466 quod
899 1381 1046 1469 pistores
1063 1403 1122 1448 seu
1136 1382 1194 1446 alii
1210 1381 1445 1458 malefoetorea,

397 1508 455 1572 per
489 1485 608 1550 eatella
633 1503 694 1548 sua
726 1487 787 1549 eut
819 1503 878 1570 per
908 1485 1081 1570 pecuniam
1115 1506 1207 1550 suem
1241 1483 1448 1572 punirentur.

398 1587 486 1654 Item
509 1586 598 1666 dieit,
621 1585 710 1673 quod
743 1607 818 1652 eum
849 1585 962 1652 eodem
993 1586 1087 1654 brevi
1118 1587 1328 1654 contineatur
1359 1586 1447 1673 quod

397 1689 498 1754 bleda
530 1687 683 1754 molenda
708 1687 939 1775 ponderentur,
964 1689 1013 1754 ita
1036 1689 1126 1775 quod
1147 1688 1380 1756 molendinarii
1407 1689 1447 1753 de

397 1793 505 1859 ferina
526 1791 603 1857 inde
636 1789 852 1877 proveniente
885 1791 1107 1878 respondeant
1137 1814 1198 1880 per
1220 1792 1349 1880 pondus
1371 1813 1447 1858 oon-

397 1893 513 1972 eimile,
547 1893 653 1980 liquet
686 1893 858 1958 manifeste
889 1892 978 1980 quod
1008 1893 1037 1960 si
1060 1915 1127 1980 que
1148 1917 1248 1981 poena
1269 1893 1449 1981 infligendo

397 2001 484 2062 esset
505 1995 542 2060 in
564 1994 624 2061 hae
658 1999 761 2082 perte,
792 1994 880 2062 foret
909 2017 1009 2083 super
1033 1997 1294 2064 molendinarios
1324 2001 1359 2064 et
1381 2018 1450 2062 non

398 2120 497 2186 super
533 2096 684 2186 pistoree,
726 2097 872 2164 maxime
913 2121 988 2165 eum
1025 2101 1155 2166 nullum
1185 2099 1342 2187 provenit
1372 2098 1451 2164 inde

398 2199 578 2288 pistoribus
614 2221 673 2288 per
708 2199 907 2267 solutionem
938 2201 1037 2268 diotae
1059 2207 1220 2269 oustumaa
1252 2203 1293 2270 de
1331 2201 1451 2280 obolo;

398 2327 437 2371 eo
460 2303 548 2391 quod
570 2303 683 2370 Assiea
712 2303 808 2390 panis
838 2303 1006 2370 vendendi
1037 2304 1136 2372 debet
1170 2305 1386 2371 nihilominus
1415 2303 1453 2369 in

398 2406 552 2473 omnibus
589 2405 765 2484 observari,
789 2410 825 2472 et
853 2405 995 2492 pistores
1028 2427 1088 2493 pro
1111 2407 1370 2492 transgressione
1392 2429 1453 2472 sna

399 2509 441 2575 de
464 2509 577 2574 Aseisa
598 2507 695 2594 panis
728 2528 798 2573 nou
831 2507 1008 2575 observata
1040 2513 1120 2575 sunt
1142 2510 1309 2597 puniendi
1356 2509 1450 2576 Dicit

400 2611 509 2688 etiam,
527 2609 614 2696 quod
641 2609 831 2696 hujusmodi
853 2611 1081 2698 impositiones
1101 2611 1143 2677 de
1165 2611 1262 2677 novis
1277 2613 1446 2691 custumis,

400 2735 458 2779 seu
479 2711 554 2778 eliis
568 2711 735 2798 perpetuis
758 2713 920 2792 oneribus
937 2735 1005 2780 non
1027 2714 1150 2780 debent
1172 2713 1245 2780 fieri
1259 2735 1320 2780 nee
1334 2715 1447 2795 statui,

400 2815 465 2884 nisi
486 2813 616 2879 ratione
645 2812 786 2902 publieee
808 2815 977 2897 utilitatis,
1000 2821 1035 2882 et
1072 2815 1133 2883 hoe
1156 2837 1215 2903 per
1244 2821 1449 2883 warrantum

402 2915 540 3006 speciale
567 2915 792 2984 demandato
819 2917 956 2984 Domini
982 2918 1091 3006 Regis.
1136 2918 1182 2984 Et
1204 2941 1248 2984 ex
1270 2942 1336 3007 quo
1359 2919 1451 2986 nulle

400 3020 530 3092 utilitas
567 3019 720 3086 eeereseit
756 3019 879 3109 populo
923 3021 961 3087 in
995 3020 1057 3087 hee
1097 3026 1200 3109 perte,
1237 3043 1298 3088 neo
1327 3020 1451 3088 habent

400 3127 606 3196 warrantum
628 3121 766 3210 speciale
781 3122 822 3188 de
842 3123 929 3190 teoto
944 3144 1005 3190 suo
1027 3123 1195 3211 praedicto,
1212 3123 1315 3191 immo
1329 3125 1449 3211 potius,

400 3231 601 3316 potestatem
632 3230 668 3292 et
692 3225 877 3292 dominium
899 3226 963 3292 sibi
986 3232 1190 3315 pompantes,
1218 3227 1256 3292 iu
1280 3227 1450 3295 laesionem

400 3353 528 3398 eoronae
547 3328 656 3416 regite,
672 3331 707 3395 et
729 3349 768 3395 eo
786 3328 900 3416 megia,
917 3328 1135 3416 deliquerunt,
1153 3330 1242 3416 quod
1263 3330 1452 3418 hujusmodi

400 3435 526 3500 foetura
555 3453 653 3499 suum
683 3431 826 3499 eolorare
848 3431 1006 3498 nituntur
1042 3432 1170 3500 virtute
1192 3432 1346 3500 brevium
1368 3454 1451 3521 prae-

402 3536 565 3604 dictorum
603 3533 739 3601 Domini
777 3534 877 3622 Regis
915 3534 1083 3616 Edwardi,
1113 3535 1226 3622 patris,
1269 3541 1338 3614 eta,
1375 3559 1450 3623 quea

259 3648 364 3698 aaran
401 3637 485 3706 nihil
506 3638 633 3705 iaciunt
658 3657 717 3726 pro
741 3637 797 3717 eie,
824 3643 894 3719 eta,
920 3637 1008 3725 petit
1025 3637 1191 3724 judicium
1220 3659 1280 3726 pro
1305 3639 1450 3704 Domino

402 3741 500 3828 Rege,
523 3746 583 3808 ete

446 3843 492 3910 Et
529 3865 628 3930 super
656 3841 726 3924 hoo,
751 3842 917 3911 Dominus
942 3843 1017 3910 Rex
1047 3843 1222 3911 mandavit
1250 3843 1453 3910 Justioieriis

400 3947 462 4027 hie,
479 3951 552 4027 ete,
577 3945 677 4014 breve
698 3969 803 4027 suum,
827 3947 864 4013 in
878 3946 950 4016 heae
971 3947 1141 4014 verba:-

232 4044 376 4142 ffllfflh'g*
448 4059 466 4087 “
481 4049 673 4130 Edwardus,
698 4055 769 4130 eto,
793 4049 994 4119 Justieieriis
1017 4051 1086 4118 suis
1107 4049 1343 4118 itinerantibus
1364 4049 1454 4139 apud

232 4149 351 4244 {fflffit
403 4153 580 4222 “Turrim
610 4152 866 4235 Londoniarum,
886 4153 1035 4222 salutem.
1075 4154 1161 4222 Cum
1188 4152 1309 4235 Hamo,
1345 4153 1454 4239 Major

232 4231 373 4346 ξὶῗᾷξῇζζῦξη
404 4263 423 4319 ‘.‘
444 4257 593 4325 civitatis
614 4261 737 4324 nostrae
770 4256 947 4343 praedictae,
971 4257 1133 4324 ellooutue
1157 4258 1202 4324 eit
1225 4279 1335 4324 eorem
1357 4257 1453 4323 vobis

232 4350 330 4444 ffi„
343 4400 388 4446 sna
404 4367 421 4430 ‘f
444 4361 482 4428 in
512 4360 638 4432 itinere
660 4359 829 4448 praedioto,
853 4365 923 4425 tem
952 4360 996 4427 ad
1025 4364 1150 4427 sectam
1178 4365 1328 4428 nostram
1352 4380 1481 4446 quam¹

232 4453 391 4554 tffssfflssd
405 4471 422 4514 ’ἔ
445 4464 488 4529 od
503 4468 626 4532 sectam
647 4463 812 4551 pistorum
833 4462 875 4530 de
898 4461 1034 4530 civitate
1054 4463 1221 4550 praediola,
1245 4463 1287 4530 de
1302 4484 1340 4528 eo
1363 4460 1454 4548 quod

233 4551 382 4600 ΝΟΜ·
403 4572 421 4601 “
443 4565 532 4632 idem
555 4565 676 4646 Hamo,
711 4568 859 4652 tempore
896 4583 963 4652 quo
997 4565 1066 4631 fuit
1103 4563 1212 4652 Major
1248 4565 1285 4630 in
1314 4564 1453 4631 civitate

404 4677 422 4704 “
444 4669 614 4758 praedicte,
635 4691 740 4735 unum
763 4668 896 4736 obolum
918 4667 960 4736 ds
992 4666 1141 4756 quolibet
1162 4667 1330 4755 quarterio
1351 4665 1451 4744 bladi,

403 4779 423 4809 “
444 4771 481 4838 in
512 4773 626 4839 eedem
647 4771 785 4844 civitate
813 4772 968 4854 molendi,
992 4773 1063 4841 sine
1089 4775 1256 4844 warranto
1281 4769 1370 4858 oepit
1407 4768 1451 4834 ed
