3648 5816
651 868 761 919 renen
783 869 828 918 or
850 869 1035 924 conrnune.
1322 859 1364 922 59

481 1121 648 1214 unstrote
664 1121 942 1194 uenerationem
959 1123 1185 1192 desertorem.
1409 1167 1435 1216 e.
1440 1168 1473 1210 33,
1480 1165 1503 1208 1„

361 1279 386 1344 I.
411 1277 463 1343 De
485 1279 605 1364 quibus
621 1278 898 1345 ordinationibus
912 1276 954 1344 de
969 1299 1056 1344 novo
1070 1277 1174 1345 foetis.

358 1381 403 1446 II.
427 1380 480 1446 De
500 1381 702 1448 Nominibus
717 1381 907 1448 Electorum
923 1381 967 1447 ed
984 1381 1219 1448 Ordinationes
1242 1379 1363 1447 seuien-

319 1485 386 1549 ω
1052 1483 1055 1490 .

358 1584 424 1650 III.
449 1584 501 1651 De
517 1584 617 1652 Gilda
630 1588 665 1650 et
681 1583 783 1651 Ourie
797 1605 912 1652 eorum
927 1587 1088 1654 tenendis.

361 1688 447 1755 1111.
471 1689 523 1755 De
538 1688 678 1775 eoquod
692 1688 804 1755 nullus
820 1688 1040 1780 distringatur
1054 1688 1308 1756 adveniendum
1322 1689 1365 1756 ed

317 1790 459 1858 uniam.

358 1893 399 1959 V.
421 1893 475 1960 De
490 1893 618 1961 Olenioo
632 1897 667 1960 et
682 1891 847 1981 Serjento.

360 1993 418 2062 VI.
434 1996 486 2064 De
498 1995 633 2063 Pleoitis
647 2017 761 2063 eorum
777 1995 930 2063 Officium
945 1997 1167 2085 tangentibus,
1180 1998 1224 2064 ed
1233 1996 1367 2066 Guriem

316 2099 555 2166 Vioeoomitum
569 2123 637 2167 non
658 2099 883 2188 tangentibus.

360 2202 439 2269 VII.
463 2203 515 2269 De
530 2204 618 2290 Lego
633 2201 846 2269 Telun'orum.

360 2305 460 2371 VIII.
485 2306 536 2372 De
559 2305 707 2371 Essoniis
722 2305 907 2372 eorundem

361 2409 421 2474 IX.
444 2408 496 2474 De
512 2408 637 2474 Pennis
653 2408 750 2476 fectis
765 2409 806 2474 de
821 2409 1021 2476 I'hrummee.

360 2511 403 2578 X.
428 2511 479 2576 De
503 2510 647 2577 Blesbet.

361 2613 421 2680 XI.
446 2614 498 2679 De
520 2613 695 2700 Werenge

359 2715 438 2782 XII.
456 2716 507 2782 De
523 2715 659 2782 Pisoitie
676 2715 846 2780 sumendis
862 2719 958 2781 extre
975 2713 1112 2781 Curiem
1122 2714 1366 2783 Vioecomitum.

360 2818 460 2884 XIII.
483 2818 535 2884 De
565 2817 789 2905 Apprentioiis
814 2817 1014 2905 recipiendis.

360 2920 481 2988 XIIII.
505 2920 557 2986 De
581 2920 762 2986 Extraneie
788 2918 934 2987 Teieriis.

360 3023 432 3090 XV.
457 3023 509 3088 De
532 3023 730 3089 Burelleriis.

360 3126 455 3191 XVI.
480 3126 532 3191 De
558 3124 735 3191 Extraneis
760 3124 819 3211 qui
844 3146 912 3190 non
938 3129 1017 3190 sunt
1041 3124 1082 3190 de
1108 3147 1220 3191 eorum
1247 3123 1353 3192 Gilde

360 3228 475 3294 XVII.
498 3227 552 3294 De
573 3227 718 3313 Andley.

360 3331 492 3397 XVIII.
517 3330 569 3394 De
596 3329 720 3396 Pennis
746 3329 841 3396 saetis
868 3328 909 3396 de
935 3328 1090 3398 Flokkee.

360 3433 454 3500 XIX.
479 3433 531 3498 De
547 3432 641 3500 Lene
666 3431 811 3521 Angliee
832 3453 900 3499 non
921 3433 1084 3518 tingendo
1105 3434 1141 3498 in
1164 3432 1308 3499 Bleeohe.

360 3537 435 3602 XX.
459 3538 511 3602 De
533 3536 656 3604 sume.

361 3639 454 3704 XXI.
478 3639 530 3704 De
557 3638 707 3703 Pondere
731 3635 922 3702 Pennorum
949 3636 991 3702 de
1018 3636 1161 3722 Andiey,
1187 3641 1246 3702 ete

361 3739 476 3808 XXII
501 3741 553 3808 De
568 3740 719 3808 Pondere
734 3739 924 3807 Pennorum
941 3738 1167 3820 Redietmnm,
1182 3742 1242 3808 ete.

363 3843 499 3910 XXIII.
524 3844 577 3909 De
594 3842 791 3910 lentitudine
815 3841 1015 3910 Fennorum.

364 3945 520 4012 XXIIII.
543 3946 594 4011 De
620 3946 743 4012 Pennis
764 3946 1022 4033 supervidendie

361 4049 468 4118 XXV.
493 4049 545 4116 De
570 4048 637 4116 biis
658 4049 719 4135 qui
741 4047 910 4136 eliguntur
932 4049 976 4116 ed
999 4045 1151 4116 Officium
1174 4045 1338 4114 Oustodis.

694 4285 747 4355 De
776 4283 994 4356 Pullonibue.

361 4482 387 4550 Ι.
411 4483 519 4550 Breve
535 4481 674 4550 cnudi
697 4487 732 4549 et
754 4480 1012 4549 Vioecomitibus
1031 4501 1092 4570 pro
1117 4478 1307 4548 hominibus
1327 4475 1369 4546 de

315 4585 404 4666 dioto
420 4585 543 4653 Officio.

361 4687 409 4753 II.
433 4689 540 4755 Breve
563 4687 732 4754 eonsimile
756 4707 817 4774 pro
840 4686 969 4754 eisdem.

363 4790 431 4857 III.
455 4791 773 4860 Atteobiementum
