3462 5836
237 898 279 962 14
295 913 378 962 sna.
396 896 447 984 11.]
483 911 589 962 onim
613 913 656 962 ro
678 909 908 962 namnetem
930 911 975 961 or
998 911 1067 960 rna
1091 911 1177 960 nnn.
1218 897 1284 963 363

235 1100 278 1165 ad
300 1105 429 1187 portam
451 1100 554 1188 juxta
569 1097 711 1181 Turrim,
729 1101 770 1166 de
786 1101 909 1188 seipsis
956 1100 1003 1166 Et
1018 1101 1106 1166 aives
1129 1098 1285 1166 continuo

230 1200 475 1265 constituerunt
491 1197 708 1279 Maresetllos,
725 1205 796 1279 ete,
814 1199 872 1266 sed
889 1199 1019 1265 nullum
1043 1199 1176 1265 feodum
1192 1219 1284 1284 oepe-

232 1307 312 1368 runt
334 1303 377 1368 ab
400 1303 512 1389 sliquo
535 1325 594 1390 per
616 1308 727 1369 totum
751 1303 828 1369 Iter.
875 1302 921 1368 Et
936 1323 1034 1389 super
1047 1301 1117 1381 hoo,
1134 1299 1285 1388 praedieti

233 1403 417 1470 Justioiarii
442 1404 601 1471 dixerunt
623 1405 780 1492 praedicto
803 1405 947 1470 Domino
962 1404 1110 1472 Johenni
1132 1409 1167 1468 et
1189 1403 1286 1469 uxori

234 1506 312 1592 ejus,
336 1508 365 1572 si
388 1507 512 1573 vellent
534 1508 674 1573 ulterius
696 1528 811 1572 versus
844 1507 1021 1594 praedietos
1052 1507 1140 1572 cives
1164 1507 1204 1571 de
1227 1527 1286 1570 suo

234 1609 350 1674 elamio
377 1609 538 1696 prosequi,
562 1613 811 1696 prosequantur,
836 1615 896 1674 ete.
943 1609 990 1673 Et
1022 1613 1098 1695 post
1132 1630 1179 1686 ea,
1203 1629 1286 1694 prae-

234 1711 342 1777 dictus
367 1713 531 1778 Dominus
557 1710 726 1778 Johannes
753 1716 788 1776 et
817 1733 902 1776 uxor
927 1710 998 1797 ejus
1021 1711 1287 1798 impetraverunt

233 1814 333 1880 breve
355 1837 469 1880 versus
492 1815 580 1880 cives
603 1813 819 1900 praedictos'
810 1836 846 1878 rn
868 1814 938 1878 haee
960 1813 1084 1895 verba;
1085 1851 1130 1862 —
1176 1845 1179 1851 ·

281 1917 513 1996 “Edam-,dus
548 1917 613 1983 Dei
647 1917 766 2004 gratie,
791 1921 849 1982 ete
884 1916 1157 1982 Monstraverunt
1191 1916 1286 1982 nobis
1299 1929 1430 2024 Besalem

235 2027 253 2054 ‘⁴
275 2019 299 2085 J
301 2021 444 2086 ohannes
459 2021 500 2085 do
516 2019 761 2106 Daggeworthe
777 2023 811 2083 et
827 2018 914 2083 Lora
935 2017 1083 2106 Peyfore‚
1099 2039 1185 2084 uxor
1206 2019 1283 2105 ejus,
1298 1983 1435 2136 iffi&

236 2128 254 2156 “
277 2121 462 2208 quodcum
488 2121 560 2210 ipsi,
585 2121 714 2188 ratione
746 2120 917 2206 eujusdam
948 2122 1079 2208 Magnae
1112 2122 1286 2209 Serjantiae
1299 2133 1437 2196 rushoven·

237 2232 253 2257 “
277 2245 375 2311 quam
400 2225 440 2290 de
466 2225 561 2290 nobis
585 2223 738 2288 tenent
728 2243 765 2287 m
787 2223 903 2309 eapite,
919 2245 993 2308 quae
1015 2247 1083 2289 una
1107 2230 1141 2290 et
1154 2226 1285 2311 integre
1297 2185 1456 2331 ffifflffl·

236 2333 253 2360 “
276 2327 393 2392 existit
416 2333 451 2392 et
473 2327 516 2392 ab
539 2327 677 2411 antiquo
699 2325 808 2402 fuerit,
834 2323 975 2390 officium
997 2326 1164 2394 hostiariis
1192 2327 1285 2393 Soso-
1297 2337 1353 2383 rar.

235 2435 254 2464 ‘⁴
277 2430 356 2495 oarii
378 2429 484 2494 nostri
509 2434 544 2494 et
566 2429 782 2494 clamatorum
805 2428 845 2492 de
868 2427 979 2494 Banoo
1002 2429 1115 2508 faeere,
1132 2452 1170 2496 ae
1184 2430 1285 2495 etiam

236 2539 253 2566 ‘⁴
276 2533 387 2619 virgas
410 2537 542 2618 portare
566 2535 600 2597 et
623 2531 817 2596 clamatores
839 2551 961 2616 ponere
996 2553 1105 2597 eoram
1128 2533 1287 2598 Justieia-

237 2643 252 2668 ‘⁶
276 2635 334 2699 riis
353 2634 589 2700 itinerantibus
611 2655 669 2720 per
692 2637 801 2698 totum
817 2654 966 2720 regnum,
983 2638 1018 2699 et
1033 2655 1141 2700 eoram
1164 2636 1287 2701 eisdem

236 2743 253 2772 “
276 2736 477 2802 Justieisriis
498 2736 594 2802 feoda
615 2757 736 2822 oepere,
754 2757 829 2820 quae
857 2743 875 2769 “
887 2735 1153 2803 Maresoallorum
1167 2736 1288 2803 feods''

235 2849 251 2874 “
273 2845 519 2926 nuncupantur,
532 2839 681 2917 debeant,
728 2837 774 2917 Et
788 2838 890 2903 iidem
905 2838 1076 2905 Johannes
1091 2846 1126 2906 et
1143 2839 1235 2918 Lora,
1253 2845 1289 2906 et

235 2951 253 2978 “
277 2950 497 3009 antecessores
517 2943 578 3023 sui,
602 2965 622 3007 a
644 2947 793 3028 tempore
809 2961 875 3026 quo
890 2963 958 3006 non
981 2943 1097 3009 existit
1118 2942 1286 3020 memoria,

235 3052 253 3082 “
277 3067 404 3133 semper
425 3046 595 3123 haetenus,
610 3043 739 3108 ratione
763 3042 948 3128 Serjantise,
964 3043 1107 3110 officium
1132 3045 1217 3110 illud
1238 3044 1286 3108 fa-

235 3155 252 3182 “
276 3168 355 3226 cere,
379 3149 492 3234 virgas
513 3153 654 3235 portare,
679 3150 714 3211 et
737 3143 932 3210 clamatores
954 3167 1063 3212 eoram
1087 3146 1288 3212 Justioiariis

238 3259 254 3284 ‘⁸
277 3251 398 3316 nostris
425 3257 460 3316 et
491 3250 747 3337 progenitorum,
784 3247 952 3334 quondam
980 3248 1109 3337 Regum
1145 3249 1286 3335 Angliae‚

236 3353 511 3419 “itinerantibus
537 3375 596 3440 per
617 3358 728 3418 totum
754 3371 894 3436 regnum
924 3357 1083 3432 nostrum,
1107 3355 1142 3418 et
1176 3371 1286 3419 eoram

236 3456 400 3522 “eisdem
426 3455 630 3522 Justioiariis
656 3454 753 3520 feoda
783 3474 898 3540 sapere
931 3454 1286 3521 consueverunt-Vos

236 3567 254 3594 “
276 3558 500 3638 nihilominus,
525 3559 568 3624 ad
600 3556 844 3644 suggestionem
871 3556 1009 3642 Majoris
1033 3563 1069 3623 et
1090 3557 1285 3623 Alderman-

237 3671 394 3728 “norum
427 3662 575 3728 civitatis
611 3660 788 3748 praediotae,
821 3661 1037 3725 asserentium
1072 3683 1106 3726 se
1144 3659 1286 3727 officium

237 3773 254 3799 “
277 3759 359 3831 illud
382 3787 441 3852 per
466 3786 542 3830 suos
566 3763 639 3829 eliis
666 3761 851 3828 Itineribus
872 3763 916 3827 ad
940 3762 1071 3829 Turrim
1095 3765 1286 3851 praedictam

237 3875 254 3904 ‘⁴
278 3867 397 3948 fecisse,
431 3888 621 3953 quanquam
659 3865 700 3932 de
731 3865 809 3950 jure
838 3885 898 3930 suo
934 3866 1020 3931 nihil
1044 3867 1227 3933 docuerunt
1250 3867 1288 3930 in

236 3981 252 4007 “
275 3971 336 4037 hee
358 3974 460 4058 porte,
485 3970 573 4057 ipsos
599 3969 786 4036 Johannem
810 3971 845 4032 et
868 3967 987 4034 Loram
1011 3970 1124 4057 virgas
1145 3976 1286 4056 portare,

236 4079 311 4140 “et
340 4074 533 4140 clamatores
571 4094 701 4160 ponere,
742 4091 780 4136 ao
813 4068 1002 4154 hujusmodi
1037 4072 1133 4138 feoda
1164 4093 1285 4160 cepere,

234 4183 250 4212 “
273 4183 374 4263 prout
394 4177 458 4263 ipsi
473 4181 508 4242 et
521 4182 738 4241 anteoessores
762 4171 813 4238 sui
837 4173 989 4257 praedicti
1009 4175 1083 4239 aliis
1106 4174 1288 4241 itineribus

237 4279 448 4366 “peridem
471 4301 618 4365 regnum,
643 4299 752 4344 eoram
780 4273 884 4356 vobis,
908 4276 944 4341 in
968 4277 1097 4343 Itinere
1128 4277 1288 4365 praedicto

235 4390 343 4447 “non
369 4381 575 4468 permittitis,
607 4381 645 4444 in
678 4379 824 4466 ipsorum
852 4378 1018 4444 Johsnnis
1043 4385 1078 4445 et
1105 4380 1199 4446 Lorae
1222 4380 1288 4446 dis-

237 4493 254 4519 “
278 4484 436 4572 pendium
451 4505 520 4549 non
534 4481 709 4564 modicum,
725 4488 760 4548 et
782 4481 1086 4550 exhaereditationis
1108 4483 1288 4569 perieulum

236 4595 253 4623 ‘⁶
278 4587 502 4664 manifestum,
531 4607 629 4672 super
656 4607 721 4671 quo
756 4586 820 4652 sibi
847 4609 906 4674 per
940 4605 1001 4650 nos
1036 4585 1204 4672 petieramt
1237 4607 1288 4650 re-

236 4697 255 4727 “
282 4690 429 4756 medium
462 4689 619 4754 adhiberi.
676 4687 748 4754 Nos
785 4689 891 4776 igitur
926 4685 963 4752 in
999 4687 1179 4774 praemissis
1215 4687 1287 4753 fieri

239 4800 260 4887 ξ’
284 4794 432 4860 volentes
467 4793 556 4878 quod
591 4795 641 4856 est
663 4789 802 4877 justum,
833 4791 930 4858 robis
959 4793 1163 4873 mandamus,
1187 4790 1285 4878 quod,
