3624 5824
174 967 178 975 .
267 911 406 978 tanna.
419 907 458 996 a]
543 921 613 974 usu
634 919 717 974 rma
738 918 783 973 ar
804 919 850 974 sc.
874 902 1070 973 aorcnrn’s
1254 906 1318 980 179

269 1122 287 1151 “
308 1113 480 1182 Articrulus
502 1111 680 1200 prediatus
704 1109 842 1178 Statuto
861 1108 1019 1197 praedioto
1042 1132 1111 1177 non
1135 1113 1318 1194 concordat,

268 1227 286 1254 “
308 1241 329 1284 a
343 1217 437 1285 vobis
451 1216 634 1295 admittere,
651 1221 687 1282 ct
706 1213 846 1280 ulterius
867 1213 905 1279 in
918 1213 980 1280 hac
994 1219 1090 1302 parte
1103 1214 1209 1284 facere
1232 1219 1320 1305 quod

268 1329 285 1358 “
306 1321 344 1387 in
373 1321 525 1388 Artierrlo
554 1319 713 1407 praedieto
741 1317 937 1398 continetur,
971 1324 1172 1400 recusarunt,
1211 1322 1322 1408 plures

269 1433 286 1460 “
308 1423 448 1511 loquelae
470 1423 512 1490 de
533 1420 722 1509 hujusmodi
740 1421 913 1488 warantiis
935 1427 1022 1502 sunt,
1045 1427 1118 1488 tam
1149 1425 1186 1490 in
1209 1425 1321 1492 Banco

271 1535 288 1562 “
309 1527 470 1614 praedicto
485 1547 585 1614 qnam
607 1525 710 1593 etiam
724 1545 833 1592 coram
854 1525 959 1605 vobis,
984 1525 1055 1593 sina
1076 1525 1138 1607 dic,
1162 1529 1205 1593 ad
1220 1551 1321 1618 grave

271 1637 288 1664 “
311 1629 470 1696 damnum
503 1629 691 1717 potantium
721 1632 757 1694 et
790 1626 876 1715 juris
909 1649 1022 1695 eorum
1059 1630 1321 1700 retardationem

269 1739 287 1770 “
309 1731 654 1812 manifestam-Nos,
686 1732 836 1798 volantes
862 1732 1051 1819 hujusmodi
1073 1735 1264 1820 petentibus
1285 1738 1321 1802 in

271 1843 289 1872 ‘¹
311 1835 487 1924 pramissis
509 1834 694 1914 subvenire,
711 1838 747 1902 at
768 1855 936 1922 processus
956 1835 993 1899 in
1008 1834 1069 1902 hac
1083 1841 1177 1924 parte
1191 1839 1322 1908 habitos

272 1947 289 1975 “
306 1940 409 2027 juxta
430 1938 569 2006 formam
584 1935 729 2004 Articuli
744 1938 894 2026 praedicti
910 1939 1103 2020 continuari,
1121 1939 1215 2008 vobis
1230 1965 1322 2010 man-

272 2049 289 2078 “
311 2043 436 2122 damus,
460 2041 550 2129 quod
572 2061 684 2107 omnes
698 2041 844 2128 loquelae
862 2041 899 2107 in
914 2039 1032 2128 quibus
1047 2045 1198 2110 tenentes
1213 2067 1321 2114 coram

273 2153 290 2180 ‘¹
313 2145 407 2213 vobis
421 2145 614 2212 vocaverint
628 2143 806 2212 forinsecos
819 2143 864 2210 ad
879 2150 1076 2226 warantum,
1093 2150 1128 2214 et
1142 2169 1217 2236 quae
1232 2171 1322 2216 occa-

273 2255 290 2284 “
312 2249 403 2316 sione
417 2247 577 2336 praedicta
591 2252 679 2329 sunt,
695 2248 733 2313 in
748 2247 860 2313 Banco
874 2248 1031 2336 praedicto
1046 2254 1081 2315 et
1095 2271 1204 2316 coram
1218 2253 1321 2333 vobis,

272 2357 291 2389 “
313 2351 384 2418 sina
398 2352 461 2432 die,
476 2351 707 2419 rcaummoniri
721 2350 851 2418 bciatis
865 2373 975 2418 coram
990 2353 1085 2419 vobis
1099 2354 1137 2419 in
1147 2353 1323 2445 Hustengo

274 2463 291 2490 “
313 2459 427 2522 nostro
454 2455 601 2522 civitatis
623 2455 799 2542 pradictus,
815 2455 853 2520 in
867 2455 982 2521 eodem
1002 2460 1095 2523 statu
1111 2478 1176 2544 quo
1190 2459 1324 2527 filerunt

274 2567 292 2596 “
315 2559 447 2645 quando
470 2563 581 2646 partas
602 2558 683 2624 inda
704 2557 742 2624 in
765 2557 855 2624 dioto
878 2559 990 2625 Banco
1012 2558 1217 2645 adjornastis.
1278 2563 1325 2630 Et

275 2669 292 2697 “
315 2661 463 2740 ulterius,
501 2662 638 2728 recorda
667 2661 872 2748 loquelarum
902 2661 1094 2747 hujusmodi
1124 2663 1325 2731 Justiciariis

274 2773 291 2800 “
313 2765 435 2832 nostris
449 2764 624 2852 praediotis,
648 2763 768 2850 quibus
786 2764 859 2850 jam
881 2765 1111 2831 mandavimus
1132 2768 1221 2853 quod
1244 2791 1283 2835 ea
1305 2793 1326 2836 a

275 2875 292 2905 “
314 2868 410 2935 vobis
443 2867 612 2955 recipiant,
640 2871 676 2932 et
701 2867 840 2933 ulterius
863 2865 988 2933 faciant
1012 2869 1102 2954 quod
1137 2869 1238 2956 juxta
1262 2871 1326 2938 Ar-

275 2979 293 3007 “
315 2971 453 3038 ticulum
475 2970 671 3058 praedictum
685 2969 786 3035 tuerit
807 2969 1000 3050 faciendum,
1017 2971 1161 3039 mittatis
1172 2999 1182 3055 ;
1203 2979 1238 3040 et
1252 2997 1326 3062 par·

275 3074 406 3140 “tibus
421 3079 547 3140 certum
567 3072 656 3138 diem
678 3095 788 3139 coram
810 3072 890 3160 ipsis
912 3071 1114 3140 Justiciariis
1136 3077 1324 3164 praefigatis,

274 3185 293 3212 “
315 3175 359 3242 ad
389 3175 630 3262 procedendum
661 3175 786 3242 ibidem
824 3177 861 3240 in
894 3176 1018 3242 eisdem
1053 3177 1156 3264 juxta
1186 3179 1325 3246 formam

277 3287 295 3314 “
317 3277 463 3344 Articuli
485 3279 671 3366 supradicti
717 3278 814 3345 Teste
846 3279 979 3366 meipso,
996 3280 1084 3367 apud
1102 3279 1326 3349 Westmonaa·

277 3389 295 3418 “
316 3381 446 3464 terium,
462 3381 526 3448 xii⁰
550 3381 604 3447 die
620 3380 711 3464 Maii,
736 3403 825 3448 anno
848 3382 942 3470 regni
964 3383 1073 3450 nostri
1094 3384 1214 3451 nono.''

682 3615 933 3624 ——-——-——-.-—.

678 3631 931 3640 —----—-—-·—-—-

276 3789 378 3858 Bceoe
404 3789 508 3878 Rapio
533 3789 712 3874 Edauacdi,
724 3790 804 3880 filii
825 3792 930 3881 Reya'o
953 3793 1151 3879 ¹Ednuosrdi,
1177 3795 1327 3866 museum
1369 3811 1458 3858 Pata

366 3893 515 3962 Bottiaia
544 3893 808 3963 Nundinarum
838 3897 880 3966 dc
909 3897 1034 3968 Saudo
1064 3899 1234 3991 Botulpbo
1263 3925 1327 3990 pro

365 3995 496 4064 civitae
518 3995 794 4066 londoniarum.

323 4189 427 4256 “Rex
464 4189 604 4257 Ballivis
641 4191 877 4260 Nundinarum
914 4196 955 4262 dc
993 4195 1114 4266 Sancto
1151 4199 1326 4290 Botulpho,
1340 4233 1488 4278 wama.

279 4299 296 4325 “
318 4293 466 4360 salntem.
522 4293 607 4362 (lum
636 4317 657 4361 a
688 4297 953 4385 progenitoribus
990 4301 1121 4383 nostris,
1160 4307 1326 4390 quondam
1339 4285 1478 4379 &abab

276 4401 295 4430 ‘¹
319 4395 465 4482 Regibus
480 4396 620 4485 Angliae,
636 4421 695 4486 per
714 4399 854 4466 Chartas
874 4423 987 4468 corum
1009 4425 1194 4472 conoessum
1210 4408 1326 4478 fuisset
1338 4387 1475 4481 iiiiii?

277 4505 295 4534 “
318 4498 445 4566 civibus
468 4499 724 4584 Londoniarum,
740 4504 829 4591 quod
851 4505 962 4570 nullus
985 4527 1097 4572 corum
1119 4510 1256 4596 placitet
1270 4515 1325 4581 vel
1338 4487 1448 4589 iiiiii>

279 4601 543 4688 “implacitatur
574 4610 670 4672 extra
695 4627 805 4672 muros
837 4607 985 4674 civitatis
1015 4609 1259 4680 londoniarum
1283 4589 1499 4692 deiiiidiiiill

712 4873 718 4904 ¹
732 4871 855 4942 Properly
866 4875 979 4929 Hearioi.

1123 4975 1152 5026 Μ
1175 4965 1196 5028 2
