3600 5822
285 900 326 965 14
343 915 426 964 unu.
443 897 497 986 11.]
520 911 674 964 surroor
688 911 733 963 or
747 911 818 962 rur
832 907 939 962 emur
953 911 999 962 or
1013 909 1197 960 ureuarrrs.
1263 893 1327 958 315

282 1102 388 1180 annis,
418 1102 462 1167 ad
499 1100 646 1187 regimen
676 1099 824 1166 civitatis
854 1099 1031 1186 praediotae,
1062 1099 1156 1184 eujus
1192 1098 1335 1184 quidem

280 1203 413 1270 charte
428 1202 509 1268 date
530 1207 583 1268 eet
597 1201 650 1266 ix⁰
666 1201 720 1268 die
737 1201 828 1282 Maii,
852 1223 941 1268 auno
963 1201 1057 1289 regni
1080 1200 1133 1266 eui
1155 1199 1329 1266 xvi⁰.-Et

282 1306 392 1391 quoad
415 1305 485 1386 hoo,
501 1303 590 1390 quod
612 1303 702 1370 idern
718 1303 825 1390 Major
847 1304 883 1369 in
906 1303 1011 1370 officio
1027 1301 1230 1388 Majoritetie
1243 1302 1332 1367 illiue

282 1409 373 1473 ultra
393 1428 498 1473 unum
520 1428 646 1473 annum
667 1405 766 1472 simul
787 1427 855 1473 non
877 1411 1045 1488 moretur3
1071 1410 1106 1472 et
1129 1405 1228 1494 quod,
1251 1407 1332 1471 dum

284 1508 391 1594 Major
415 1509 524 1588 fuerit,
551 1529 620 1575 non
644 1508 766 1574 habeat
789 1508 881 1574 aliud
903 1509 1054 1589 officium,
1078 1511 1163 1589 etu;
1185 1529 1246 1574 neo
1267 1507 1332 1573 eibi

283 1611 440 1690 attrahat,
455 1617 537 1680 eta:
562 1615 597 1676 et
612 1610 721 1696 quoad
743 1609 813 1688 hoo,
830 1612 919 1696 quod
941 1611 1086 1678 olamant
1108 1611 1196 1697 quod
1220 1631 1334 1678 omnee

283 1719 318 1780 et
345 1713 469 1801 singuli
490 1714 527 1778 in
558 1711 698 1779 civitate
719 1713 886 1799 praedicte,
916 1713 1128 1781 libertatibus
1157 1717 1192 1780 et
1221 1713 1335 1780 liberie

283 1817 578 1884 eonsuetudinibue,
598 1815 667 1881 suie
688 1816 831 1903 gaudere
845 1817 1004 1898 volentes,
1025 1817 1096 1882 sint
1117 1817 1154 1881 in
1176 1816 1277 1884 Lutto
1299 1821 1334 1882 et

285 1919 409 1998 Scotto,
426 1924 506 2000 eto.;
529 1924 564 1984 et
580 1917 668 2004 quod
683 1923 880 1985 mercatores
902 1919 960 2005 qui
981 1939 1050 1984 non
1071 1923 1151 1984 eunt
1173 1919 1214 1984 de
1237 1919 1333 1985 liber·

283 2027 362 2100 tate,
374 2027 443 2102 eta,
453 2023 533 2088 vine
547 2020 667 2108 aliqua,
683 2025 752 2101 eto,
764 2021 808 2087 ed
822 2021 985 2087 retulliam
998 2043 1068 2088 non
1081 2022 1239 2101 vendant,
1256 2027 1335 2103 eto.;

283 2129 319 2191 ot
340 2125 429 2211 quod
452 2123 602 2211 praedicti
624 2123 720 2203 oivee,
737 2128 772 2190 et
794 2145 906 2190 eorum
921 2124 1066 2191 haeredes
1081 2129 1116 2190 et
1130 2145 1333 2207 euooeeeores,

284 2249 343 2314 pro
365 2228 506 2314 negotiis
532 2249 590 2293 eeu
613 2227 817 2293 utilitatibus
839 2226 986 2312 ejusdem
1008 2227 1155 2294 civitatis
1178 2230 1266 2296 inter
1289 2251 1332 2309 ee,

284 2335 353 2409 eto,
376 2330 551 2417 tullugium
574 2328 717 2396 aeeidere
738 2329 866 2416 possint
889 2330 1063 2410 allevare,
1087 2336 1168 2413 ete}
1190 2337 1225 2399 et
1246 2333 1335 2419 quod

284 2433 421 2520 tallagia
434 2433 488 2499 vel
502 2432 629 2498 auxilie
646 2432 690 2498 ad
712 2445 794 2520 opue
817 2432 918 2520 Regis
932 2433 987 2498 vel
1006 2433 1175 2501 haeredum
1189 2455 1333 2518 auorum,

166 2575 172 2586 ·
284 2537 339 2602 vel
352 2556 413 2623 pro
434 2539 527 2602 statu
549 2540 584 2600 et
605 2535 775 2602 commodo
801 2534 949 2602 civitatis
971 2535 1146 2622 proediotae,
1162 2538 1199 2602 in
1220 2539 1334 2604 eadem

285 2638 468 2717 assidentia,
498 2641 673 2724 postquem
709 2659 768 2724 per
804 2637 953 2704 homines
990 2637 1174 2705 Gardarum
1212 2663 1336 2708 aemma

284 2742 417 2821 fuerint,
454 2762 514 2828 per
551 2739 721 2826 Majorem,
758 2740 1007 2822 Aldu-mannos,
1045 2763 1104 2808 eeu
1140 2743 1230 2823 alioe,
1268 2767 1335 2812 non

284 2847 542 2932 augmententur
569 2863 631 2909 neo
669 2841 867 2925 exaltentur,
910 2845 1161 2933 eto,;—profert
1190 2847 1335 2916 Litterae
1346 2855 1489 2949 mm

286 2947 423 3012 Domini
438 2947 539 3034 Regio
553 2966 644 3012 nuno
659 2945 825 3028 Potentes,
842 2947 879 3011 in
897 2947 1020 3033 quibus
1041 2949 1232 3016 continetur
1245 2951 1334 3036 quod
1346 2957 1448 3002 ΕΜ
1456 2958 1490 3002 11·

284 3050 372 3116 idem
395 3049 559 3116 Dominus
575 3047 649 3115 Rex
670 3067 759 3115 nuno
780 3049 947 3129 oonoeeeit‚
962 3071 1022 3137 pro
1044 3073 1080 3117 ee
1101 3055 1137 3117 et
1151 3053 1336 3121 haeredibue
1460 3103 1463 3110 ·

285 3153 363 3235 euin,
377 3151 466 3239 quod
483 3151 592 3239 Major
605 3151 756 3218 civitatis
770 3152 937 3238 proediotoe
958 3152 996 3218 in
1014 3153 1121 3220 offieio
1135 3153 1337 3242 Majoritatio

284 3257 375 3321 illiue
398 3255 488 3322 ultra
512 3275 617 3321 unum
641 3273 766 3320 aunum
787 3253 889 3320 simul
910 3275 980 3321 non
1001 3261 1168 3339 moretum
1189 3263 1223 3324 et
1246 3259 1334 3326 idem

286 3358 402 3444 Major,
433 3356 513 3423 dum
544 3356 653 3443 Major
680 3355 789 3438 fuerit,
820 3377 888 3422 non
916 3356 1039 3425 habeut
1067 3358 1162 3426 aliud
1192 3360 1334 3429 officium

285 3461 329 3527 ed
350 3459 523 3526 eivitatem
549 3460 641 3525 illam
668 3464 820 3547 spectans
844 3479 944 3545 quam
967 3459 1110 3528 officium
1133 3463 1335 3551 Majoritatie

284 3563 382 3644 illiue,
398 3585 458 3629 neo
471 3561 536 3629 eibi
558 3562 716 3642 attrahat,
732 3583 794 3628 neo
815 3583 925 3628 eoram
946 3562 1019 3651 ipeo
1040 3568 1160 3646 teneat,
1176 3567 1335 3654 placitum

285 3665 519 3733 Vieeoomitule
549 3665 586 3731 in
616 3665 756 3732 (lamera
784 3665 931 3732 civitatis
968 3667 1143 3753 praediotoe,
1174 3692 1235 3737 neo
1270 3673 1336 3738 alia

285 3769 409 3857 placite
424 3791 524 3856 quam
540 3767 600 3834 illa
621 3789 704 3855 quae,
728 3768 909 3835 seeundum
931 3771 1105 3857 antiquam
1127 3775 1336 3840 eonsuetudi-

284 3893 361 3940 nem
390 3872 538 3938 civitatis
559 3871 658 3951 illiue,
688 3879 848 3959 tunquam
878 3871 987 3956 Major
1011 3878 1124 3940 tenere
1151 3876 1269 3958 debet3
1299 3884 1335 3945 et

285 3975 374 4062 quod
402 3975 540 4064 tallagio
567 3973 623 4042 vel
652 3974 779 4040 auxilia
808 3973 852 4040 ad
875 3995 958 4060 opue
989 3973 1125 4042 Domini
1155 3977 1255 4067 Regio
1280 3980 1335 4046 vel

284 4077 453 4146 haeredum
479 4097 622 4156 auorum,
646 4077 711 4158 vel,
733 4097 793 4164 pro
816 4079 965 4142 statuet
992 4079 1163 4146 commodo
1189 4081 1334 4149 civitatis

155 4231 156 4234 η
284 4179 461 4269 praediotoe,
485 4181 521 4246 in
551 4181 666 4247 eadem
692 4177 875 4259 assidendo,
898 4188 1073 4267 postquam
1099 4201 1157 4269 per
1185 4183 1335 4252 homines

285 4284 481 4366 (lardarum,
505 4283 549 4350 ed
564 4283 628 4350 hoo
641 4281 761 4350 eleetos
782 4303 840 4349 eeu
863 4281 1046 4370 deputatos,
1062 4307 1187 4353 oseem
1200 4287 1333 4368 fixerint,

283 4409 343 4476 per
358 4387 528 4474 Majorem,
544 4384 793 4466 Aldermannoe,
809 4407 867 4452 eeu
889 4386 981 4467 elioe,
995 4407 1064 4452 non
1078 4391 1336 4476 augmententur

283 4513 343 4558 neo
368 4491 568 4568 exaltentur,
594 4488 661 4554 niei
686 4488 727 4556 de
751 4487 919 4554 oommuni
947 4509 1109 4557 ooneeneu
1138 4491 1275 4582 Majorie
1299 4501 1335 4562 et

282 4593 532 4662 communitatis
560 4591 709 4659 civitatis
737 4589 926 4679 praedietee5
964 4596 1000 4658 et
1031 4593 1121 4681 quod
1149 4615 1263 4664 omnes
1299 4603 1336 4666 et

284 4697 409 4785 singoli
422 4697 466 4764 de
480 4695 618 4764 civitate
638 4694 806 4783 praediom,
830 4693 1043 4762 libertatibm
1066 4701 1101 4764 et
1122 4698 1237 4767 liberio
1258 4723 1334 4770 oon.

284 4799 518 4869 suetudinibue
545 4797 693 4868 niueos
715 4797 883 4887 predicto
904 4798 1048 4888 gaudere
1076 4801 1235 4885 volentes,
1265 4806 1336 4874 eint
