3600 5822
296 945 507 1032 leucum]
609 955 806 1012 curmuar
825 953 900 1009 mn
922 955 1086 1008 axromr.
1273 937 1340 1005 tet

336 1149 383 1216 Et
405 1147 513 1234 Major
535 1151 570 1216 et
591 1145 819 1226 Aldermcuni,
843 1145 978 1234 quaesiti
1001 1165 1061 1233 per
1082 1141 1293 1213 Jueticiarioe
1315 1143 1502 1251 siffinc-

291 1274 390 1340 quem
427 1257 633 1320 warrantum
665 1251 856 1316 habuenmt
894 1249 935 1315 de
966 1248 1115 1337 praefatio
1142 1247 1343 1315 Juaticimiie
1355 1207 1510 1352 davengium

290 1357 409 1424 ultimo
431 1355 676 1433 itinerantibus,
700 1353 742 1419 ad
767 1352 967 1439 exigendum
1000 1350 1197 1439 praediotum
1231 1349 1343 1414 Ricar-
1355 1311 1508 1455 griffi,

290 1459 372 1524 dum
387 1463 422 1525 et
438 1457 690 1537 alios-dicunt,
707 1453 797 1541 quod
820 1475 879 1542 per
900 1459 1104 1542 praeceptum
1127 1453 1205 1518 inde
1219 1452 1344 1518 factum
1355 1409 1495 1535 adm*

291 1565 373 1628 tunc
415 1560 537 1649 Majori
580 1565 615 1626 et
652 1557 910 1625 Viceoomitibue
950 1555 1197 1622 Londoniarum
1235 1551 1344 1622 exacti
1355 1553 1485 1646 ffli‘)

291 1665 435 1742 fuerunt,
459 1663 583 1749 absque
615 1661 727 1748 aliquo
761 1660 827 1726 elio
860 1663 1027 1726 warranto
1060 1659 1122 1724 sub
1147 1655 1272 1746 Sigfflis
1294 1653 1479 1746 manatura.

291 1789 402 1834 acrum
417 1765 441 1832 J
443 1765 694 1843 uaticiariorum,
711 1765 766 1829 vel
788 1761 928 1849 aiicujus
950 1763 1140 1841 eorundem,
1156 1761 1234 1828 inde
1256 1761 1344 1828 facto

291 1891 350 1959 per
370 1867 545 1957 praedictos
568 1867 778 1935 Juetioiarioe
813 1866 1018 1946 itinerantes,
1053 1872 1114 1932 aut
1144 1866 1256 1952 aliquo
1278 1865 1344 1931 alio

291 1975 458 2040 warranto
474 1970 613 2059 epeoiadi
661 1969 803 2051 Quaeeiti
817 1969 846 2035 ei
862 1970 905 2035 ad
920 1969 1097 2058 praesatum
1120 1967 1343 2056 Huetengum,

293 2079 424 2142 tentum
447 2073 501 2139 die
525 2073 628 2138 Lunae
650 2073 802 2159 proximo
836 2077 913 2159 poet
944 2072 1067 2138 fectum
1089 2071 1203 2139 Beatae
1227 2072 1345 2138 Mariae

295 2176 511 2264 Magdalenae,
536 2175 668 2262 quando
699 2175 878 2262 pradictus
910 2174 1072 2241 Ricardue
1096 2179 1132 2241 et
1157 2173 1216 2240 ulii
1239 2175 1345 2260 primo

293 2279 429 2347 fuerunt
466 2278 585 2358 armti,
617 2283 693 2365 port
725 2277 827 2343 finem
864 2278 977 2343 ultimi
1016 2277 1151 2344 Itineris
1185 2277 1344 2366 praedicti,

294 2383 392 2448 datus
418 2381 483 2447 fuit
521 2381 608 2446 diea.
625 2381 696 2446 eive
726 2381 885 2467 praefixus
916 2380 957 2446 de
986 2380 1147 2468 praedicto
1170 2381 1346 2468 Hoetengo

294 2485 437 2552 tenendo
452 2485 495 2550 ad
510 2484 705 2571 praedictum
721 2483 809 2550 diem
820 2485 923 2550 Lunae
933 2484 1121 2571 proximum
1135 2487 1211 2571 poet
1225 2483 1347 2549 fectum

295 2587 536 2654 Translationis
570 2585 687 2652 Sancti
725 2586 1023 2667 Edwardi,-dicit
1054 2586 1144 2673 quod
1187 2587 1258 2652 dieo
1291 2586 1460 2652 fllenmna

296 2690 400 2757 Lunae
423 2688 559 2755 secundi
591 2687 760 2776 Huetengi
798 2688 935 2756 tenendi
969 2711 1038 2755 non
1068 2689 1134 2756 fuit
1171 2689 1326 2776 praefixue
1338 2659 1453 2770 3amwar.

295 2793 407 2870 immo,
423 2791 507 2858 iflud
522 2791 702 2858 secundum
718 2792 933 2880 Huetengum
952 2796 1082 2858 tentum
1104 2792 1170 2858 fuit
1191 2791 1347 2880 praedicto

296 2895 348 2961 die
384 2894 488 2962 Lunae
520 2894 671 2982 proximo
708 2899 784 2982 post
805 2895 928 2961 festum
960 2895 1199 2962 Tmnelationie
1234 2887 1349 2961 Sancti

298 2997 462 3076 Edwardi‚
487 3018 546 3085 per
568 2998 825 3064 aumonitionem
847 2995 926 3064 inde
949 2999 1079 3064 factam.

343 3100 440 3181 Item,
457 3100 588 3188 quaeeiti
602 3121 704 3187 quare
720 3099 897 3187 Utlagaria
913 3121 982 3165 non
1003 3101 1069 3167 fuit
1089 3100 1300 3187 promulgata
1313 3101 1349 3166 in
1362 3123 1463 3170 ructa

299 3203 474 3292 praedictos
497 3203 675 3269 Ricardum
698 3208 733 3269 et
754 3201 836 3268 alios
858 3204 901 3269 ad
923 3203 1118 3290 praedictum
1142 3203 1228 3269 diem
1246 3203 1349 3270 Lunae
1361 3177 1504 3320 iim*

296 3305 485 3394 proximum
522 3311 599 3393 poet
628 3306 750 3372 sectum
789 3305 947 3372 Omnium
979 3305 1184 3386 Sanctorum,
1216 3306 1349 3394 quando
1362 3289 1419 3374 ni?
1427 3278 1502 3323 Μ’

298 3409 407 3476 exacti
429 3408 565 3475 futenmt
588 3407 689 3475 tertio
711 3413 788 3496 poet
811 3409 912 3474 finem
937 3407 1072 3474 Itineris
1098 3407 1257 3497 praedicti,
1274 3431 1349 3477 cum
1433 3418 1435 3422 ’

297 3511 370 3578 iiii⁸⁰
396 3513 504 3579 exacti
518 3511 661 3592 fuerunt,
685 3513 843 3598 praedicto
867 3511 993 3578 Itinere
1015 3515 1206 3600 computato
1227 3517 1268 3579 ut
1289 3533 1349 3600 pro

297 3636 365 3680 uno
389 3613 573 3702 Huotengo,
598 3613 716 3681 dicunt
738 3615 828 3702 quod
854 3615 916 3680 tali
939 3615 991 3680 uei
1013 3619 1092 3682 aunt
1114 3617 1350 3684 consuetudine

298 3717 387 3784 cives
409 3718 556 3784 civitatis
578 3716 753 3804 praedictae,
780 3719 869 3805 quod
895 3717 931 3781 in
961 3717 1150 3804 hujusmodi
1175 3708 1462 3807 Utlagariafflfflf,

297 3819 545 3910 promulganda,
570 3841 668 3906 cuper
690 3821 791 3886 tertia
812 3819 985 3907 Exigenda
1006 3821 1094 3886 facta
1115 3821 1151 3888 in
1175 3821 1351 3910 Huetengo

297 3923 464 4009 praedicto,
489 3927 565 4009 poet
587 3922 687 3988 finem
711 3921 846 3989 Itineris
867 3922 1143 4004 Jueticiariorum,
1168 3925 1277 4012 quoad
1308 3926 1352 3991 ad

298 4025 455 4112 Anglicoe
476 4025 682 4112 utlagandoe,
694 4025 817 4092 debent
831 4025 933 4092 iidem
941 4025 1029 4092 cirea
1043 4027 1197 4093 nuntiare
1207 4027 1351 4094 Domino

299 4126 385 4214 Regi
408 4126 597 4214 hujusmodi
621 4127 837 4216 Exigendam,
854 4133 889 4194 et
912 4129 994 4195 scire
1019 4129 1229 4196 voluntatem
1252 4130 1351 4217 Regis

299 4231 341 4297 de
366 4229 557 4316 hujusmodi
588 4229 766 4318 Utlagaria
788 4231 1036 4318 promulganda,
1066 4235 1246 4319 antequam
1277 4253 1351 4322 pro-

299 4331 418 4399 cedant
444 4332 584 4398 ulterius
603 4332 647 4398 ad
670 4332 971 4420 promulgationem
995 4332 1186 4422 Utlagariae.
1233 4334 1280 4402 Et
1301 4335 1351 4402 di·

299 4439 388 4515 cunt,
406 4435 496 4522 quod
511 4433 600 4500 facta
614 4434 805 4522 hujusmodi
829 4435 1082 4502 denuntiatione
1098 4437 1242 4504 Domino
1258 4437 1351 4526 Regi,

298 4556 375 4604 cum
409 4537 517 4604 dictus
552 4536 626 4603 Rex
658 4559 717 4624 per
752 4537 930 4604 Custodem
953 4538 1065 4605 Turris
1096 4539 1351 4622 Londoniarum,

299 4639 354 4706 vel
376 4639 479 4706 alium
502 4645 631 4706 certum
661 4641 828 4721 nuntium,
863 4641 1072 4708 mandaverit
1094 4642 1215 4730 Majori
1237 4649 1272 4710 et
1294 4645 1353 4712 Al·

300 4743 490 4810 dermannie
524 4743 732 4811 voluntatem
765 4765 860 4812 cuam
892 4745 933 4810 de
962 4743 1153 4831 hujusmodi
1175 4745 1353 4838 Utlagaria
