<?xml version="1.0" encoding="UTF-8"?>
<!DOCTYPE html PUBLIC "-//W3C//DTD XHTML 1.0 Transitional//EN"
    "http://www.w3.org/TR/xhtml1/DTD/xhtml1-transitional.dtd">
<html xmlns="http://www.w3.org/1999/xhtml" xml:lang="en" lang="en">
 <head>
  <title>
</title>
<meta http-equiv="Content-Type" content="text/html;charset=utf-8" />
  <meta name='ocr-system' content='tesseract 3.04.00' />
  <meta name='ocr-capabilities' content='ocr_page ocr_carea ocr_par ocr_line ocrx_word'/>
</head>
<body>
  <div class='ocr_page' id='page_1' title='image "./munimentagildha05librgoog_0313.png"; bbox 0 0 3624 5824; ppageno 0'>
   <div class='ocr_carea' id='block_1_1' title="bbox 306 864 1353 953">
    <p class='ocr_par' dir='ltr' id='par_1_1' title="bbox 306 864 1353 953">
     <span class='ocr_line' id='line_1_1' title="bbox 306 864 1353 953; baseline 0.005 -24"><span class='ocrx_word' id='word_1_1' title='bbox 306 865 349 930; x_wconf 65' lang='lat'><strong>34</strong></span> <span class='ocrx_word' id='word_1_2' title='bbox 362 880 446 930; x_wconf 66' lang='grc' dir='ltr'><strong>ιν.</strong></span> <span class='ocrx_word' id='word_1_3' title='bbox 459 864 496 953; x_wconf 93' lang='lat'><strong>1.]</strong></span> <span class='ocrx_word' id='word_1_4' title='bbox 511 879 734 932; x_wconf 75' lang='lat' dir='ltr'><strong>cessavisse</strong></span> <span class='ocrx_word' id='word_1_5' title='bbox 749 881 794 932; x_wconf 87' lang='lat' dir='ltr'><strong>or</strong></span> <span class='ocrx_word' id='word_1_6' title='bbox 809 879 958 932; x_wconf 79' lang='lat' dir='ltr'><strong>srlrnrs</strong></span> <span class='ocrx_word' id='word_1_7' title='bbox 973 879 1017 931; x_wconf 86' lang='lat' dir='ltr'><strong>or</strong></span> <span class='ocrx_word' id='word_1_8' title='bbox 1032 879 1262 932; x_wconf 73' lang='lat' dir='ltr'><strong>wrrcunsrsr,</strong></span> <span class='ocrx_word' id='word_1_9' title='bbox 1288 867 1353 934; x_wconf 82' lang='lat'><strong>153</strong></span> 
     </span>
    </p>
   </div>
   <div class='ocr_carea' id='block_1_2' title="bbox 306 1063 1368 4818">
    <p class='ocr_par' dir='ltr' id='par_1_2' title="bbox 306 1063 1368 4818">
     <span class='ocr_line' id='line_1_2' title="bbox 307 1063 1354 1147; baseline -0.004 -14"><span class='ocrx_word' id='word_1_10' title='bbox 307 1071 326 1103; x_wconf 89' lang='lat'><strong>“</strong></span> <span class='ocrx_word' id='word_1_11' title='bbox 348 1067 395 1133; x_wconf 88' lang='lat' dir='ltr'><strong>sic</strong></span> <span class='ocrx_word' id='word_1_12' title='bbox 417 1067 571 1133; x_wconf 88' lang='lat' dir='ltr'><strong>indictati</strong></span> <span class='ocrx_word' id='word_1_13' title='bbox 591 1064 669 1132; x_wconf 90' lang='lat' dir='ltr'><strong>inde</strong></span> <span class='ocrx_word' id='word_1_14' title='bbox 691 1087 759 1132; x_wconf 92' lang='lat' dir='ltr'><strong>non</strong></span> <span class='ocrx_word' id='word_1_15' title='bbox 781 1066 914 1147; x_wconf 85' lang='lat' dir='ltr'><strong>fuerint,</strong></span> <span class='ocrx_word' id='word_1_16' title='bbox 930 1065 1002 1132; x_wconf 87' lang='lat' dir='ltr'><strong>sine</strong></span> <span class='ocrx_word' id='word_1_17' title='bbox 1026 1065 1184 1133; x_wconf 87' lang='lat' dir='ltr'><strong>dilatione</strong></span> <span class='ocrx_word' id='word_1_18' title='bbox 1207 1063 1354 1146; x_wconf 83' lang='lat' dir='ltr'><strong>arestari,</strong></span> 
     </span>
     <span class='ocr_line' id='line_1_3' title="bbox 306 1165 1357 1256; baseline -0.002 -22"><span class='ocrx_word' id='word_1_19' title='bbox 306 1175 326 1206; x_wconf 90' lang='lat'><strong>“</strong></span> <span class='ocrx_word' id='word_1_20' title='bbox 349 1174 385 1235; x_wconf 90' lang='lat' dir='ltr'><strong>et</strong></span> <span class='ocrx_word' id='word_1_21' title='bbox 406 1169 497 1235; x_wconf 85' lang='lat' dir='ltr'><strong>salvo</strong></span> <span class='ocrx_word' id='word_1_22' title='bbox 520 1173 555 1234; x_wconf 89' lang='lat' dir='ltr'><strong>et</strong></span> <span class='ocrx_word' id='word_1_23' title='bbox 584 1189 695 1235; x_wconf 88' lang='lat' dir='ltr'><strong>secure</strong></span> <span class='ocrx_word' id='word_1_24' title='bbox 724 1169 760 1233; x_wconf 87' lang='lat' dir='ltr'><strong>in</strong></span> <span class='ocrx_word' id='word_1_25' title='bbox 787 1168 920 1256; x_wconf 87' lang='lat' dir='ltr'><strong>prisona</strong></span> <span class='ocrx_word' id='word_1_26' title='bbox 949 1172 1063 1234; x_wconf 86' lang='lat' dir='ltr'><strong>nostra</strong></span> <span class='ocrx_word' id='word_1_27' title='bbox 1089 1167 1256 1247; x_wconf 71' lang='lat' dir='ltr'><strong>custodiri,</strong></span> <span class='ocrx_word' id='word_1_28' title='bbox 1271 1165 1357 1232; x_wconf 85' lang='lat' dir='ltr'><strong>face·</strong></span> 
     </span>
     <span class='ocr_line' id='line_1_4' title="bbox 307 1267 1356 1356; baseline 0 -22"><span class='ocrx_word' id='word_1_29' title='bbox 307 1276 325 1306; x_wconf 80' lang='lat'><strong>‘⁶</strong></span> <span class='ocrx_word' id='word_1_30' title='bbox 347 1270 435 1352; x_wconf 89' lang='lat' dir='ltr'><strong>retis,</strong></span> <span class='ocrx_word' id='word_1_31' title='bbox 459 1272 562 1336; x_wconf 90' lang='lat' dir='ltr'><strong>donec</strong></span> <span class='ocrx_word' id='word_1_32' title='bbox 583 1269 762 1338; x_wconf 86' lang='lat' dir='ltr'><strong>secundum</strong></span> <span class='ocrx_word' id='word_1_33' title='bbox 784 1269 889 1356; x_wconf 82' lang='lat' dir='ltr'><strong>legem</strong></span> <span class='ocrx_word' id='word_1_34' title='bbox 912 1274 946 1336; x_wconf 92' lang='lat' dir='ltr'><strong>et</strong></span> <span class='ocrx_word' id='word_1_35' title='bbox 968 1269 1240 1336; x_wconf 71' lang='lat' dir='ltr'><strong>consuetudinem</strong></span> <span class='ocrx_word' id='word_1_36' title='bbox 1261 1267 1356 1356; x_wconf 82' lang='lat' dir='ltr'><strong>regni</strong></span> 
     </span>
     <span class='ocr_line' id='line_1_5' title="bbox 308 1371 1357 1458; baseline -0.003 -21"><span class='ocrx_word' id='word_1_37' title='bbox 308 1376 326 1408; x_wconf 91' lang='lat'><strong>“</strong></span> <span class='ocrx_word' id='word_1_38' title='bbox 350 1371 454 1438; x_wconf 90' lang='lat' dir='ltr'><strong>nostri</strong></span> <span class='ocrx_word' id='word_1_39' title='bbox 477 1373 519 1438; x_wconf 92' lang='lat' dir='ltr'><strong>de</strong></span> <span class='ocrx_word' id='word_1_40' title='bbox 541 1393 581 1438; x_wconf 87' lang='lat' dir='ltr'><strong>ea</strong></span> <span class='ocrx_word' id='word_1_41' title='bbox 606 1372 890 1454; x_wconf 82' lang='lat' dir='ltr'><strong>deliberarentur3</strong></span> <span class='ocrx_word' id='word_1_42' title='bbox 924 1377 959 1438; x_wconf 91' lang='lat' dir='ltr'><strong>et</strong></span> <span class='ocrx_word' id='word_1_43' title='bbox 990 1372 1079 1457; x_wconf 91' lang='lat' dir='ltr'><strong>quod</strong></span> <span class='ocrx_word' id='word_1_44' title='bbox 1103 1371 1175 1438; x_wconf 86' lang='lat' dir='ltr'><strong>haec</strong></span> <span class='ocrx_word' id='word_1_45' title='bbox 1196 1371 1357 1458; x_wconf 85' lang='lat' dir='ltr'><strong>promissa</strong></span> 
     </span>
     <span class='ocr_line' id='line_1_6' title="bbox 309 1472 1355 1560; baseline -0.001 -21"><span class='ocrx_word' id='word_1_46' title='bbox 309 1479 327 1510; x_wconf 88' lang='lat'><strong>“</strong></span> <span class='ocrx_word' id='word_1_47' title='bbox 349 1474 463 1540; x_wconf 86' lang='lat' dir='ltr'><strong>taliter</strong></span> <span class='ocrx_word' id='word_1_48' title='bbox 477 1473 662 1540; x_wconf 71' lang='lat' dir='ltr'>executioni</span> <span class='ocrx_word' id='word_1_49' title='bbox 677 1473 827 1539; x_wconf 86' lang='lat' dir='ltr'><strong>faceretis</strong></span> <span class='ocrx_word' id='word_1_50' title='bbox 842 1473 1043 1554; x_wconf 88' lang='lat' dir='ltr'><strong>demandari,</strong></span> <span class='ocrx_word' id='word_1_51' title='bbox 1059 1474 1087 1538; x_wconf 91' lang='lat' dir='ltr'><strong>si</strong></span> <span class='ocrx_word' id='word_1_52' title='bbox 1102 1495 1162 1540; x_wconf 88' lang='lat' dir='ltr'><strong>vos</strong></span> <span class='ocrx_word' id='word_1_53' title='bbox 1176 1472 1264 1560; x_wconf 90' lang='lat' dir='ltr'><strong>ipsos</strong></span> <span class='ocrx_word' id='word_1_54' title='bbox 1281 1472 1355 1538; x_wconf 92' lang='lat' dir='ltr'><strong>dili·</strong></span> 
     </span>
     <span class='ocr_line' id='line_1_7' title="bbox 310 1574 1356 1663; baseline -0.002 -23"><span class='ocrx_word' id='word_1_55' title='bbox 310 1580 328 1610; x_wconf 89' lang='lat'><strong>“</strong></span> <span class='ocrx_word' id='word_1_56' title='bbox 349 1576 480 1662; x_wconf 86' lang='lat' dir='ltr'><strong>geretis,</strong></span> <span class='ocrx_word' id='word_1_57' title='bbox 506 1580 542 1641; x_wconf 89' lang='lat' dir='ltr'><strong>et</strong></span> <span class='ocrx_word' id='word_1_58' title='bbox 564 1576 606 1642; x_wconf 91' lang='lat' dir='ltr'><strong>de</strong></span> <span class='ocrx_word' id='word_1_59' title='bbox 628 1575 850 1662; x_wconf 72' lang='lat' dir='ltr'><strong>receptatione</strong></span> <span class='ocrx_word' id='word_1_60' title='bbox 880 1581 915 1642; x_wconf 88' lang='lat' dir='ltr'><strong>et</strong></span> <span class='ocrx_word' id='word_1_61' title='bbox 938 1597 1097 1642; x_wconf 84' lang='lat' dir='ltr'><strong>consensu</strong></span> <span class='ocrx_word' id='word_1_62' title='bbox 1121 1574 1356 1663; x_wconf 66' lang='lat' dir='ltr'><strong>predictorum</strong></span> 
     </span>
     <span class='ocr_line' id='line_1_8' title="bbox 309 1675 1356 1756; baseline 0 -14"><span class='ocrx_word' id='word_1_63' title='bbox 309 1683 328 1714; x_wconf 90' lang='lat'><strong>“</strong></span> <span class='ocrx_word' id='word_1_64' title='bbox 351 1677 599 1744; x_wconf 71' lang='lat' dir='ltr'><strong>malefactorum</strong></span> <span class='ocrx_word' id='word_1_65' title='bbox 614 1677 711 1744; x_wconf 89' lang='lat' dir='ltr'><strong>liberi</strong></span> <span class='ocrx_word' id='word_1_66' title='bbox 727 1698 796 1743; x_wconf 88' lang='lat' dir='ltr'><strong>esse</strong></span> <span class='ocrx_word' id='word_1_67' title='bbox 815 1677 944 1743; x_wconf 86' lang='lat' dir='ltr'><strong>velletis</strong></span> <span class='ocrx_word' id='word_1_68' title='bbox 959 1682 994 1743; x_wconf 91' lang='lat' dir='ltr'><strong>et</strong></span> <span class='ocrx_word' id='word_1_69' title='bbox 1008 1677 1179 1756; x_wconf 88' lang='lat' dir='ltr'><strong>immunes,</strong></span> <span class='ocrx_word' id='word_1_70' title='bbox 1205 1681 1240 1742; x_wconf 90' lang='lat' dir='ltr'><strong>et</strong></span> <span class='ocrx_word' id='word_1_71' title='bbox 1253 1698 1297 1743; x_wconf 91' lang='lat' dir='ltr'><strong>ne</strong></span> <span class='ocrx_word' id='word_1_72' title='bbox 1311 1675 1356 1742; x_wconf 85' lang='lat' dir='ltr'><strong>ad</strong></span> 
     </span>
     <span class='ocr_line' id='line_1_9' title="bbox 309 1777 1357 1866; baseline 0 -22"><span class='ocrx_word' id='word_1_73' title='bbox 309 1784 328 1814; x_wconf 87' lang='lat'><strong>“</strong></span> <span class='ocrx_word' id='word_1_74' title='bbox 350 1799 418 1860; x_wconf 89' lang='lat' dir='ltr'><strong>vos,</strong></span> <span class='ocrx_word' id='word_1_75' title='bbox 448 1784 608 1865; x_wconf 82' lang='lat' dir='ltr'><strong>tanquam</strong></span> <span class='ocrx_word' id='word_1_76' title='bbox 631 1779 673 1845; x_wconf 92' lang='lat' dir='ltr'><strong>de</strong></span> <span class='ocrx_word' id='word_1_77' title='bbox 698 1778 864 1866; x_wconf 78' lang='lat' dir='ltr'><strong>praedictis</strong></span> <span class='ocrx_word' id='word_1_78' title='bbox 889 1777 1059 1845; x_wconf 85' lang='lat' dir='ltr'><strong>maleficiis</strong></span> <span class='ocrx_word' id='word_1_79' title='bbox 1084 1778 1272 1866; x_wconf 88' lang='lat' dir='ltr'><strong>culpabiles,</strong></span> <span class='ocrx_word' id='word_1_80' title='bbox 1296 1799 1357 1844; x_wconf 93' lang='lat' dir='ltr'><strong>nos</strong></span> 
     </span>
     <span class='ocr_line' id='line_1_10' title="bbox 309 1879 1357 1968; baseline 0 -22"><span class='ocrx_word' id='word_1_81' title='bbox 309 1886 330 1936; x_wconf 63' lang='lat' dir='ltr'><strong>‘f</strong></span> <span class='ocrx_word' id='word_1_82' title='bbox 353 1902 467 1968; x_wconf 87' lang='lat' dir='ltr'><strong>capere</strong></span> <span class='ocrx_word' id='word_1_83' title='bbox 489 1881 702 1962; x_wconf 89' lang='lat' dir='ltr'><strong>deberemus;</strong></span> <span class='ocrx_word' id='word_1_84' title='bbox 735 1886 770 1947; x_wconf 91' lang='lat' dir='ltr'><strong>et</strong></span> <span class='ocrx_word' id='word_1_85' title='bbox 803 1881 904 1946; x_wconf 87' lang='lat' dir='ltr'><strong>telem</strong></span> <span class='ocrx_word' id='word_1_86' title='bbox 926 1902 965 1946; x_wconf 88' lang='lat' dir='ltr'><strong>ac</strong></span> <span class='ocrx_word' id='word_1_87' title='bbox 997 1883 1128 1946; x_wconf 86' lang='lat' dir='ltr'><strong>tantam</strong></span> <span class='ocrx_word' id='word_1_88' title='bbox 1150 1879 1357 1968; x_wconf 82' lang='lat' dir='ltr'><strong>diligentiam</strong></span> 
     </span>
     <span class='ocr_line' id='line_1_11' title="bbox 311 1981 1360 2070; baseline 0 -22"><span class='ocrx_word' id='word_1_89' title='bbox 311 1987 330 2018; x_wconf 92' lang='lat'><strong><em>“</em></strong></span> <span class='ocrx_word' id='word_1_90' title='bbox 352 1987 465 2048; x_wconf 88' lang='lat' dir='ltr'><strong>eontra</strong></span> <span class='ocrx_word' id='word_1_91' title='bbox 486 1983 675 2070; x_wconf 90' lang='lat' dir='ltr'><strong>hujusmodi</strong></span> <span class='ocrx_word' id='word_1_92' title='bbox 698 1981 923 2048; x_wconf 77' lang='lat' dir='ltr'><strong>malefactores</strong></span> <span class='ocrx_word' id='word_1_93' title='bbox 944 1986 1119 2070; x_wconf 87' lang='lat' dir='ltr'><strong>suspectos,</strong></span> <span class='ocrx_word' id='word_1_94' title='bbox 1136 1984 1171 2048; x_wconf 88' lang='lat' dir='ltr'><strong>et</strong></span> <span class='ocrx_word' id='word_1_95' title='bbox 1186 1981 1360 2048; x_wconf 84' lang='lat' dir='ltr'><strong>manifeste</strong></span> 
     </span>
     <span class='ocr_line' id='line_1_12' title="bbox 312 2083 1362 2173; baseline 0.002 -25"><span class='ocrx_word' id='word_1_96' title='bbox 312 2089 330 2119; x_wconf 91' lang='lat'><strong><em>“</em></strong></span> <span class='ocrx_word' id='word_1_97' title='bbox 352 2083 482 2164; x_wconf 88' lang='lat' dir='ltr'><strong>felones,</strong></span> <span class='ocrx_word' id='word_1_98' title='bbox 506 2090 576 2150; x_wconf 87' lang='lat' dir='ltr'><strong>tem</strong></span> <span class='ocrx_word' id='word_1_99' title='bbox 598 2106 657 2173; x_wconf 91' lang='lat' dir='ltr'><strong>per</strong></span> <span class='ocrx_word' id='word_1_100' title='bbox 687 2106 747 2151; x_wconf 89' lang='lat' dir='ltr'><strong>vos</strong></span> <span class='ocrx_word' id='word_1_101' title='bbox 769 2106 869 2170; x_wconf 90' lang='lat' dir='ltr'><strong>quam</strong></span> <span class='ocrx_word' id='word_1_102' title='bbox 891 2106 950 2172; x_wconf 90' lang='lat' dir='ltr'><strong>per</strong></span> <span class='ocrx_word' id='word_1_103' title='bbox 971 2105 1065 2172; x_wconf 89' lang='lat' dir='ltr'><strong>posse</strong></span> <span class='ocrx_word' id='word_1_104' title='bbox 1087 2083 1184 2150; x_wconf 71' lang='lat' dir='ltr'><strong>due</strong></span> <span class='ocrx_word' id='word_1_105' title='bbox 1216 2084 1362 2150; x_wconf 87' lang='lat' dir='ltr'><strong>civitatis</strong></span> 
     </span>
     <span class='ocr_line' id='line_1_13' title="bbox 314 2185 1360 2274; baseline 0.001 -25"><span class='ocrx_word' id='word_1_106' title='bbox 314 2191 331 2220; x_wconf 79' lang='lat'><strong>‘⁶</strong></span> <span class='ocrx_word' id='word_1_107' title='bbox 354 2187 569 2273; x_wconf 88' lang='lat' dir='ltr'><strong>apponeretis,</strong></span> <span class='ocrx_word' id='word_1_108' title='bbox 588 2186 828 2274; x_wconf 85' lang='lat' dir='ltr'><strong>nevobis‚poet</strong></span> <span class='ocrx_word' id='word_1_109' title='bbox 839 2207 982 2272; x_wconf 85' lang='lat' dir='ltr'><strong>praesens</strong></span> <span class='ocrx_word' id='word_1_110' title='bbox 997 2185 1191 2251; x_wconf 87' lang='lat' dir='ltr'><strong>mandatum</strong></span> <span class='ocrx_word' id='word_1_111' title='bbox 1200 2189 1360 2267; x_wconf 90' lang='lat' dir='ltr'><strong>nostrum,</strong></span> 
     </span>
     <span class='ocr_line' id='line_1_14' title="bbox 314 2289 1362 2378; baseline 0.002 -25"><span class='ocrx_word' id='word_1_112' title='bbox 314 2297 332 2324; x_wconf 91' lang='lat'><strong>“</strong></span> <span class='ocrx_word' id='word_1_113' title='bbox 354 2289 514 2376; x_wconf 87' lang='lat' dir='ltr'><strong>imputari</strong></span> <span class='ocrx_word' id='word_1_114' title='bbox 528 2296 646 2377; x_wconf 86' lang='lat' dir='ltr'><strong>posset,</strong></span> <span class='ocrx_word' id='word_1_115' title='bbox 659 2313 717 2358; x_wconf 89' lang='lat' dir='ltr'><strong>seu</strong></span> <span class='ocrx_word' id='word_1_116' title='bbox 732 2291 876 2374; x_wconf 83' lang='lat' dir='ltr'><strong>deberet,</strong></span> <span class='ocrx_word' id='word_1_117' title='bbox 891 2292 981 2377; x_wconf 90' lang='lat' dir='ltr'><strong>quod</strong></span> <span class='ocrx_word' id='word_1_118' title='bbox 1001 2313 1060 2378; x_wconf 90' lang='lat' dir='ltr'><strong>per</strong></span> <span class='ocrx_word' id='word_1_119' title='bbox 1075 2289 1177 2357; x_wconf 86' lang='lat' dir='ltr'><strong>vestri</strong></span> <span class='ocrx_word' id='word_1_120' title='bbox 1192 2291 1362 2378; x_wconf 82' lang='lat' dir='ltr'><strong>negligen-</strong></span> 
     </span>
     <span class='ocr_line' id='line_1_15' title="bbox 314 2391 1362 2473; baseline 0.002 -17"><span class='ocrx_word' id='word_1_121' title='bbox 314 2399 332 2428; x_wconf 91' lang='lat'><strong>“</strong></span> <span class='ocrx_word' id='word_1_122' title='bbox 354 2392 437 2457; x_wconf 85' lang='lat' dir='ltr'><strong>tium</strong></span> <span class='ocrx_word' id='word_1_123' title='bbox 452 2397 488 2458; x_wconf 91' lang='lat' dir='ltr'><strong>et</strong></span> <span class='ocrx_word' id='word_1_124' title='bbox 502 2415 695 2460; x_wconf 86' lang='lat' dir='ltr'><strong>consensum</strong></span> <span class='ocrx_word' id='word_1_125' title='bbox 709 2393 792 2458; x_wconf 88' lang='lat' dir='ltr'><strong>talia</strong></span> <span class='ocrx_word' id='word_1_126' title='bbox 806 2393 1036 2473; x_wconf 88' lang='lat' dir='ltr'><strong>intolerabilia,</strong></span> <span class='ocrx_word' id='word_1_127' title='bbox 1053 2397 1123 2458; x_wconf 87' lang='lat' dir='ltr'><strong>tam</strong></span> <span class='ocrx_word' id='word_1_128' title='bbox 1138 2391 1225 2458; x_wconf 81' lang='lat' dir='ltr'><strong>infra</strong></span> <span class='ocrx_word' id='word_1_129' title='bbox 1239 2393 1362 2460; x_wconf 89' lang='lat' dir='ltr'><strong>dictam</strong></span> 
     </span>
     <span class='ocr_line' id='line_1_16' title="bbox 315 2493 1363 2582; baseline 0.001 -23"><span class='ocrx_word' id='word_1_130' title='bbox 315 2499 333 2530; x_wconf 80' lang='lat'><strong>‘¹</strong></span> <span class='ocrx_word' id='word_1_131' title='bbox 356 2493 525 2560; x_wconf 86' lang='lat' dir='ltr'><strong>civitatem</strong></span> <span class='ocrx_word' id='word_1_132' title='bbox 547 2516 646 2581; x_wconf 88' lang='lat' dir='ltr'><strong>quam</strong></span> <span class='ocrx_word' id='word_1_133' title='bbox 677 2500 780 2574; x_wconf 72' lang='lat' dir='ltr'><strong>extra</strong></span> <span class='ocrx_word' id='word_1_134' title='bbox 804 2496 921 2560; x_wconf 91' lang='lat' dir='ltr'><strong>amodo</strong></span> <span class='ocrx_word' id='word_1_135' title='bbox 954 2499 1228 2582; x_wconf 82' lang='lat' dir='ltr'><strong>perpetrarentur.</strong></span> <span class='ocrx_word' id='word_1_136' title='bbox 1274 2495 1363 2560; x_wconf 82' lang='lat' dir='ltr'><strong>Prae·</strong></span> 
     </span>
     <span class='ocr_line' id='line_1_17' title="bbox 315 2595 1362 2684; baseline 0.001 -24"><span class='ocrx_word' id='word_1_137' title='bbox 315 2601 333 2632; x_wconf 87' lang='lat'>“</span> <span class='ocrx_word' id='word_1_138' title='bbox 356 2595 501 2683; x_wconf 83' lang='lat' dir='ltr'><strong>cepimus</strong></span> <span class='ocrx_word' id='word_1_139' title='bbox 524 2598 627 2663; x_wconf 84' lang='lat' dir='ltr'><strong>etiam</strong></span> <span class='ocrx_word' id='word_1_140' title='bbox 648 2596 753 2677; x_wconf 89' lang='lat' dir='ltr'><strong>vobis,</strong></span> <span class='ocrx_word' id='word_1_141' title='bbox 778 2597 867 2683; x_wconf 91' lang='lat' dir='ltr'><strong>quod</strong></span> <span class='ocrx_word' id='word_1_142' title='bbox 889 2619 932 2662; x_wconf 88' lang='lat' dir='ltr'><strong>ex</strong></span> <span class='ocrx_word' id='word_1_143' title='bbox 954 2602 1049 2684; x_wconf 85' lang='lat' dir='ltr'><strong>parte</strong></span> <span class='ocrx_word' id='word_1_144' title='bbox 1071 2602 1186 2663; x_wconf 87' lang='lat' dir='ltr'><strong>nostra</strong></span> <span class='ocrx_word' id='word_1_145' title='bbox 1208 2597 1362 2684; x_wconf 80' lang='lat' dir='ltr'><strong>praecipe·</strong></span> 
     </span>
     <span class='ocr_line' id='line_1_18' title="bbox 313 2697 1363 2785; baseline 0.002 -23"><span class='ocrx_word' id='word_1_146' title='bbox 313 2703 332 2734; x_wconf 88' lang='lat'><strong><em>“</em></strong></span> <span class='ocrx_word' id='word_1_147' title='bbox 354 2697 442 2778; x_wconf 85' lang='lat' dir='ltr'><strong>retis,</strong></span> <span class='ocrx_word' id='word_1_148' title='bbox 460 2702 494 2764; x_wconf 86' lang='lat' dir='ltr'><strong>et</strong></span> <span class='ocrx_word' id='word_1_149' title='bbox 515 2698 657 2764; x_wconf 88' lang='lat' dir='ltr'><strong>firmiter</strong></span> <span class='ocrx_word' id='word_1_150' title='bbox 677 2698 904 2785; x_wconf 84' lang='lat' dir='ltr'><strong>injungeretis,</strong></span> <span class='ocrx_word' id='word_1_151' title='bbox 921 2697 1075 2764; x_wconf 86' lang='lat' dir='ltr'><strong>omnibus</strong></span> <span class='ocrx_word' id='word_1_152' title='bbox 1089 2697 1221 2764; x_wconf 89' lang='lat' dir='ltr'><strong>ballivis</strong></span> <span class='ocrx_word' id='word_1_153' title='bbox 1244 2699 1363 2764; x_wconf 79' lang='lat' dir='ltr'><strong>vestris</strong></span> 
     </span>
     <span class='ocr_line' id='line_1_19' title="bbox 314 2797 1363 2888; baseline 0.002 -25"><span class='ocrx_word' id='word_1_154' title='bbox 314 2805 333 2835; x_wconf 88' lang='lat'><strong>“</strong></span> <span class='ocrx_word' id='word_1_155' title='bbox 356 2797 455 2866; x_wconf 73' lang='lat' dir='ltr'><strong>diotae</strong></span> <span class='ocrx_word' id='word_1_156' title='bbox 478 2799 635 2879; x_wconf 88' lang='lat' dir='ltr'><strong>civitatis,</strong></span> <span class='ocrx_word' id='word_1_157' title='bbox 667 2804 703 2866; x_wconf 90' lang='lat' dir='ltr'><strong>et</strong></span> <span class='ocrx_word' id='word_1_158' title='bbox 728 2803 833 2881; x_wconf 84' lang='lat' dir='ltr'><strong>extre,</strong></span> <span class='ocrx_word' id='word_1_159' title='bbox 870 2801 958 2886; x_wconf 91' lang='lat' dir='ltr'><strong>quod</strong></span> <span class='ocrx_word' id='word_1_160' title='bbox 989 2800 1126 2866; x_wconf 91' lang='lat' dir='ltr'><strong>eandem</strong></span> <span class='ocrx_word' id='word_1_161' title='bbox 1157 2799 1363 2888; x_wconf 81' lang='lat' dir='ltr'><strong>diligentiam</strong></span> 
     </span>
     <span class='ocr_line' id='line_1_20' title="bbox 314 2901 1363 2990; baseline 0.003 -25"><span class='ocrx_word' id='word_1_162' title='bbox 314 2906 333 2938; x_wconf 79' lang='lat'><strong>‘¹</strong></span> <span class='ocrx_word' id='word_1_163' title='bbox 355 2921 414 2988; x_wconf 92' lang='lat' dir='ltr'><strong>pro</strong></span> <span class='ocrx_word' id='word_1_164' title='bbox 437 2901 528 2988; x_wconf 90' lang='lat' dir='ltr'><strong>pacis</strong></span> <span class='ocrx_word' id='word_1_165' title='bbox 550 2905 674 2968; x_wconf 79' lang='lat' dir='ltr'><strong>nostrae</strong></span> <span class='ocrx_word' id='word_1_166' title='bbox 700 2902 949 2967; x_wconf 80' lang='lat' dir='ltr'><strong>conservatione</strong></span> <span class='ocrx_word' id='word_1_167' title='bbox 976 2902 1013 2966; x_wconf 91' lang='lat' dir='ltr'><strong>in</strong></span> <span class='ocrx_word' id='word_1_168' title='bbox 1036 2902 1103 2967; x_wconf 90' lang='lat' dir='ltr'><strong>suis</strong></span> <span class='ocrx_word' id='word_1_169' title='bbox 1125 2902 1284 2968; x_wconf 85' lang='lat' dir='ltr'><strong>custodiis</strong></span> <span class='ocrx_word' id='word_1_170' title='bbox 1306 2924 1363 2990; x_wconf 91' lang='lat' dir='ltr'><strong>ap·</strong></span> 
     </span>
     <span class='ocr_line' id='line_1_21' title="bbox 315 3001 1364 3090; baseline 0.003 -23"><span class='ocrx_word' id='word_1_171' title='bbox 315 3009 334 3038; x_wconf 76' lang='lat'><strong>‘¹</strong></span> <span class='ocrx_word' id='word_1_172' title='bbox 356 3009 527 3089; x_wconf 90' lang='lat' dir='ltr'><strong>ponerent,</strong></span> <span class='ocrx_word' id='word_1_173' title='bbox 555 3008 590 3069; x_wconf 86' lang='lat' dir='ltr'><strong>et</strong></span> <span class='ocrx_word' id='word_1_174' title='bbox 613 3002 728 3068; x_wconf 87' lang='lat' dir='ltr'><strong>taliter</strong></span> <span class='ocrx_word' id='word_1_175' title='bbox 762 3023 798 3068; x_wconf 89' lang='lat' dir='ltr'><strong>se</strong></span> <span class='ocrx_word' id='word_1_176' title='bbox 827 3001 990 3069; x_wconf 91' lang='lat' dir='ltr'><strong>haberent</strong></span> <span class='ocrx_word' id='word_1_177' title='bbox 1020 3002 1055 3068; x_wconf 91' lang='lat' dir='ltr'><strong>in</strong></span> <span class='ocrx_word' id='word_1_178' title='bbox 1088 3002 1149 3068; x_wconf 90' lang='lat' dir='ltr'><strong>hac</strong></span> <span class='ocrx_word' id='word_1_179' title='bbox 1182 3008 1288 3090; x_wconf 84' lang='lat' dir='ltr'><strong>parte,</strong></span> <span class='ocrx_word' id='word_1_180' title='bbox 1321 3025 1364 3070; x_wconf 89' lang='lat' dir='ltr'><strong>ne</strong></span> 
     </span>
     <span class='ocr_line' id='line_1_22' title="bbox 317 3103 1365 3191; baseline 0.002 -23"><span class='ocrx_word' id='word_1_181' title='bbox 317 3109 334 3140; x_wconf 91' lang='lat'><strong>“</strong></span> <span class='ocrx_word' id='word_1_182' title='bbox 357 3125 496 3191; x_wconf 83' lang='lat' dir='ltr'><strong>poenam,</strong></span> <span class='ocrx_word' id='word_1_183' title='bbox 512 3104 550 3168; x_wconf 90' lang='lat' dir='ltr'><strong>in</strong></span> <span class='ocrx_word' id='word_1_184' title='bbox 564 3103 654 3170; x_wconf 88' lang='lat' dir='ltr'><strong>dicto</strong></span> <span class='ocrx_word' id='word_1_185' title='bbox 678 3103 814 3170; x_wconf 85' lang='lat' dir='ltr'><strong>Statuto</strong></span> <span class='ocrx_word' id='word_1_186' title='bbox 827 3103 1022 3191; x_wconf 81' lang='lat' dir='ltr'><strong>Wyntoniae</strong></span> <span class='ocrx_word' id='word_1_187' title='bbox 1044 3108 1241 3184; x_wconf 88' lang='lat' dir='ltr'><strong>contentam,</strong></span> <span class='ocrx_word' id='word_1_188' title='bbox 1258 3105 1365 3172; x_wconf 90' lang='lat' dir='ltr'><strong>incur·</strong></span> 
     </span>
     <span class='ocr_line' id='line_1_23' title="bbox 316 3203 1365 3294; baseline 0.002 -24"><span class='ocrx_word' id='word_1_189' title='bbox 316 3211 335 3243; x_wconf 91' lang='lat'><strong>“</strong></span> <span class='ocrx_word' id='word_1_190' title='bbox 358 3209 480 3283; x_wconf 92' lang='lat' dir='ltr'><strong>rerent,</strong></span> <span class='ocrx_word' id='word_1_191' title='bbox 504 3210 539 3272; x_wconf 90' lang='lat' dir='ltr'><strong>et</strong></span> <span class='ocrx_word' id='word_1_192' title='bbox 567 3203 791 3286; x_wconf 87' lang='lat' dir='ltr'><strong>nihilominus,</strong></span> <span class='ocrx_word' id='word_1_193' title='bbox 814 3226 873 3293; x_wconf 90' lang='lat' dir='ltr'><strong>pro</strong></span> <span class='ocrx_word' id='word_1_194' title='bbox 905 3206 1081 3271; x_wconf 85' lang='lat' dir='ltr'><strong>voluntate</strong></span> <span class='ocrx_word' id='word_1_195' title='bbox 1108 3209 1229 3284; x_wconf 85' lang='lat' dir='ltr'><strong>nostra,</strong></span> <span class='ocrx_word' id='word_1_196' title='bbox 1253 3205 1365 3294; x_wconf 88' lang='lat' dir='ltr'><strong>impri-</strong></span> 
     </span>
     <span class='ocr_line' id='line_1_24' title="bbox 317 3305 1365 3394; baseline 0.003 -22"><span class='ocrx_word' id='word_1_197' title='bbox 317 3312 336 3344; x_wconf 87' lang='lat'>“</span> <span class='ocrx_word' id='word_1_198' title='bbox 359 3310 564 3388; x_wconf 86' lang='lat' dir='ltr'><strong>sonarentur,</strong></span> <span class='ocrx_word' id='word_1_199' title='bbox 579 3312 615 3373; x_wconf 90' lang='lat' dir='ltr'><strong>et</strong></span> <span class='ocrx_word' id='word_1_200' title='bbox 636 3306 680 3373; x_wconf 88' lang='lat' dir='ltr'><strong>ab</strong></span> <span class='ocrx_word' id='word_1_201' title='bbox 703 3329 743 3374; x_wconf 91' lang='lat' dir='ltr'><strong>ea</strong></span> <span class='ocrx_word' id='word_1_202' title='bbox 769 3307 920 3394; x_wconf 84' lang='lat' dir='ltr'><strong>graviter</strong></span> <span class='ocrx_word' id='word_1_203' title='bbox 940 3307 1190 3384; x_wconf 79' lang='lat' dir='ltr'><strong>redimerentur.</strong></span> <span class='ocrx_word' id='word_1_204' title='bbox 1225 3305 1365 3387; x_wconf 81' lang='lat' dir='ltr'><strong>Quodsi</strong></span> 
     </span>
     <span class='ocr_line' id='line_1_25' title="bbox 317 3408 1366 3496; baseline 0.003 -23"><span class='ocrx_word' id='word_1_205' title='bbox 317 3414 336 3445; x_wconf 91' lang='lat'><strong>“</strong></span> <span class='ocrx_word' id='word_1_206' title='bbox 358 3429 428 3474; x_wconf 92' lang='lat' dir='ltr'><strong>non</strong></span> <span class='ocrx_word' id='word_1_207' title='bbox 456 3408 610 3490; x_wconf 83' lang='lat' dir='ltr'><strong>fecerent,</strong></span> <span class='ocrx_word' id='word_1_208' title='bbox 633 3409 780 3496; x_wconf 86' lang='lat' dir='ltr'><strong>vosipsi</strong></span> <span class='ocrx_word' id='word_1_209' title='bbox 811 3410 849 3473; x_wconf 91' lang='lat' dir='ltr'><strong>in</strong></span> <span class='ocrx_word' id='word_1_210' title='bbox 882 3408 1046 3474; x_wconf 81' lang='lat' dir='ltr'><strong>defectum</strong></span> <span class='ocrx_word' id='word_1_211' title='bbox 1071 3408 1248 3474; x_wconf 88' lang='lat' dir='ltr'><strong>eorundem</strong></span> <span class='ocrx_word' id='word_1_212' title='bbox 1270 3409 1366 3476; x_wconf 84' lang='lat' dir='ltr'><strong>belli·</strong></span> 
     </span>
     <span class='ocr_line' id='line_1_26' title="bbox 316 3509 1366 3597; baseline 0.004 -23"><span class='ocrx_word' id='word_1_213' title='bbox 316 3516 336 3548; x_wconf 88' lang='lat'><strong>“</strong></span> <span class='ocrx_word' id='word_1_214' title='bbox 359 3531 486 3591; x_wconf 87' lang='lat' dir='ltr'><strong>vorum,</strong></span> <span class='ocrx_word' id='word_1_215' title='bbox 517 3509 811 3596; x_wconf 79' lang='lat' dir='ltr'><strong>quotienscumque</strong></span> <span class='ocrx_word' id='word_1_216' title='bbox 842 3531 971 3576; x_wconf 89' lang='lat' dir='ltr'><strong>necesse</strong></span> <span class='ocrx_word' id='word_1_217' title='bbox 1005 3509 1099 3590; x_wconf 87' lang='lat' dir='ltr'><strong>foret,</strong></span> <span class='ocrx_word' id='word_1_218' title='bbox 1132 3509 1299 3597; x_wconf 81' lang='lat' dir='ltr'><strong>praemissa</strong></span> <span class='ocrx_word' id='word_1_219' title='bbox 1329 3512 1366 3578; x_wconf 92' lang='lat' dir='ltr'><strong>in</strong></span> 
     </span>
     <span class='ocr_line' id='line_1_27' title="bbox 316 3611 1366 3699; baseline 0.002 -21"><span class='ocrx_word' id='word_1_220' title='bbox 316 3619 336 3650; x_wconf 92' lang='lat'><strong>“</strong></span> <span class='ocrx_word' id='word_1_221' title='bbox 359 3612 521 3692; x_wconf 90' lang='lat' dir='ltr'><strong>omnibus,</strong></span> <span class='ocrx_word' id='word_1_222' title='bbox 545 3613 653 3678; x_wconf 87' lang='lat' dir='ltr'><strong>forma</strong></span> <span class='ocrx_word' id='word_1_223' title='bbox 684 3611 882 3699; x_wconf 83' lang='lat' dir='ltr'><strong>supradicta,</strong></span> <span class='ocrx_word' id='word_1_224' title='bbox 907 3611 1093 3677; x_wconf 86' lang='lat' dir='ltr'><strong>districtius</strong></span> <span class='ocrx_word' id='word_1_225' title='bbox 1116 3611 1189 3677; x_wconf 88' lang='lat' dir='ltr'><strong>fieri</strong></span> <span class='ocrx_word' id='word_1_226' title='bbox 1215 3611 1366 3680; x_wconf 81' lang='lat' dir='ltr'><strong>laceretis</strong></span> 
     </span>
     <span class='ocr_line' id='line_1_28' title="bbox 317 3712 1367 3799; baseline 0 -19"><span class='ocrx_word' id='word_1_227' title='bbox 317 3720 338 3754; x_wconf 88' lang='lat'><strong><em>“</em></strong></span> <span class='ocrx_word' id='word_1_228' title='bbox 361 3720 396 3780; x_wconf 89' lang='lat' dir='ltr'><strong>et</strong></span> <span class='ocrx_word' id='word_1_229' title='bbox 418 3713 608 3794; x_wconf 75' lang='lat' dir='ltr'><strong>observari,</strong></span> <span class='ocrx_word' id='word_1_230' title='bbox 642 3719 678 3780; x_wconf 93' lang='lat' dir='ltr'><strong>et</strong></span> <span class='ocrx_word' id='word_1_231' title='bbox 703 3734 786 3799; x_wconf 88' lang='lat' dir='ltr'><strong>quoa</strong></span> <span class='ocrx_word' id='word_1_232' title='bbox 808 3712 870 3779; x_wconf 91' lang='lat' dir='ltr'><strong>hoc</strong></span> <span class='ocrx_word' id='word_1_233' title='bbox 896 3712 1090 3778; x_wconf 86' lang='lat' dir='ltr'><strong>mandatum</strong></span> <span class='ocrx_word' id='word_1_234' title='bbox 1114 3719 1266 3779; x_wconf 87' lang='lat' dir='ltr'><strong>nostrum</strong></span> <span class='ocrx_word' id='word_1_235' title='bbox 1289 3737 1367 3782; x_wconf 87' lang='lat' dir='ltr'><strong>con·</strong></span> 
     </span>
     <span class='ocr_line' id='line_1_29' title="bbox 319 3813 1364 3904; baseline 0.002 -22"><span class='ocrx_word' id='word_1_236' title='bbox 319 3821 337 3853; x_wconf 88' lang='lat'>“</span> <span class='ocrx_word' id='word_1_237' title='bbox 360 3820 551 3894; x_wconf 83' lang='lat' dir='ltr'><strong>temnentes,</strong></span> <span class='ocrx_word' id='word_1_238' title='bbox 568 3813 606 3880; x_wconf 87' lang='lat' dir='ltr'><strong>in</strong></span> <span class='ocrx_word' id='word_1_239' title='bbox 621 3813 692 3902; x_wconf 88' lang='lat' dir='ltr'><strong>ipso</strong></span> <span class='ocrx_word' id='word_1_240' title='bbox 707 3813 900 3902; x_wconf 81' lang='lat' dir='ltr'><strong>exequendo</strong></span> <span class='ocrx_word' id='word_1_241' title='bbox 913 3815 1066 3881; x_wconf 85' lang='lat' dir='ltr'><strong>remissos</strong></span> <span class='ocrx_word' id='word_1_242' title='bbox 1081 3835 1138 3881; x_wconf 86' lang='lat' dir='ltr'><strong>seu</strong></span> <span class='ocrx_word' id='word_1_243' title='bbox 1153 3816 1364 3904; x_wconf 85' lang='lat' dir='ltr'><strong>negligentes,</strong></span> 
     </span>
     <span class='ocr_line' id='line_1_30' title="bbox 320 3915 1367 4003; baseline 0.001 -19"><span class='ocrx_word' id='word_1_244' title='bbox 320 3923 338 3954; x_wconf 89' lang='lat'><strong>“</strong></span> <span class='ocrx_word' id='word_1_245' title='bbox 361 3917 413 3985; x_wconf 86' lang='lat' dir='ltr'><strong>vel</strong></span> <span class='ocrx_word' id='word_1_246' title='bbox 436 3916 571 3983; x_wconf 90' lang='lat' dir='ltr'><strong>omnino</strong></span> <span class='ocrx_word' id='word_1_247' title='bbox 594 3915 716 4002; x_wconf 86' lang='lat' dir='ltr'><strong>exequi</strong></span> <span class='ocrx_word' id='word_1_248' title='bbox 738 3916 897 3996; x_wconf 90' lang='lat' dir='ltr'><strong>nolentes,</strong></span> <span class='ocrx_word' id='word_1_249' title='bbox 925 3915 1130 3996; x_wconf 89' lang='lat' dir='ltr'><strong>inveniretis,</strong></span> <span class='ocrx_word' id='word_1_250' title='bbox 1146 3917 1314 4003; x_wconf 89' lang='lat' dir='ltr'><strong>caperetis,</strong></span> <span class='ocrx_word' id='word_1_251' title='bbox 1332 3923 1367 3985; x_wconf 90' lang='lat' dir='ltr'><strong>et</strong></span> 
     </span>
     <span class='ocr_line' id='line_1_31' title="bbox 319 4015 1367 4098; baseline 0.002 -14"><span class='ocrx_word' id='word_1_252' title='bbox 319 4025 338 4056; x_wconf 90' lang='lat'><strong>“</strong></span> <span class='ocrx_word' id='word_1_253' title='bbox 361 4018 402 4084; x_wconf 93' lang='lat' dir='ltr'><strong>de</strong></span> <span class='ocrx_word' id='word_1_254' title='bbox 417 4017 607 4084; x_wconf 91' lang='lat' dir='ltr'><strong>nominibus</strong></span> <span class='ocrx_word' id='word_1_255' title='bbox 622 4016 800 4083; x_wconf 90' lang='lat' dir='ltr'><strong>eorundem</strong></span> <span class='ocrx_word' id='word_1_256' title='bbox 815 4015 839 4082; x_wconf 88' lang='lat' dir='ltr'><strong>J</strong></span> <span class='ocrx_word' id='word_1_257' title='bbox 840 4016 1017 4084; x_wconf 71' lang='lat' dir='ltr'><strong>usticiamis</strong></span> <span class='ocrx_word' id='word_1_258' title='bbox 1032 4017 1163 4098; x_wconf 87' lang='lat' dir='ltr'><strong>nostris,</strong></span> <span class='ocrx_word' id='word_1_259' title='bbox 1176 4019 1220 4084; x_wconf 89' lang='lat' dir='ltr'><strong>ad</strong></span> <span class='ocrx_word' id='word_1_260' title='bbox 1230 4017 1367 4086; x_wconf 74' lang='lat' dir='ltr'><strong>telonias</strong></span> 
     </span>
     <span class='ocr_line' id='line_1_32' title="bbox 319 4117 1367 4207; baseline 0 -19"><span class='ocrx_word' id='word_1_261' title='bbox 319 4127 338 4159; x_wconf 85' lang='lat'>“</span> <span class='ocrx_word' id='word_1_262' title='bbox 361 4125 395 4188; x_wconf 90' lang='lat' dir='ltr'><strong>et</strong></span> <span class='ocrx_word' id='word_1_263' title='bbox 419 4118 692 4207; x_wconf 83' lang='lat' dir='ltr'><strong>transgressiones</strong></span> <span class='ocrx_word' id='word_1_264' title='bbox 721 4119 759 4184; x_wconf 91' lang='lat' dir='ltr'><strong>in</strong></span> <span class='ocrx_word' id='word_1_265' title='bbox 790 4117 880 4186; x_wconf 85' lang='lat' dir='ltr'><strong>dicta</strong></span> <span class='ocrx_word' id='word_1_266' title='bbox 914 4119 1060 4200; x_wconf 84' lang='lat' dir='ltr'><strong>civitate,</strong></span> <span class='ocrx_word' id='word_1_267' title='bbox 1092 4119 1182 4185; x_wconf 84' lang='lat' dir='ltr'><strong>infra</strong></span> <span class='ocrx_word' id='word_1_268' title='bbox 1210 4119 1367 4188; x_wconf 77' lang='lat' dir='ltr'><strong>ballivum</strong></span> 
     </span>
     <span class='ocr_line' id='line_1_33' title="bbox 320 4221 1366 4308; baseline 0.003 -22"><span class='ocrx_word' id='word_1_269' title='bbox 320 4227 338 4258; x_wconf 93' lang='lat'><strong>“</strong></span> <span class='ocrx_word' id='word_1_270' title='bbox 360 4225 505 4286; x_wconf 86' lang='lat' dir='ltr'><strong>vestram</strong></span> <span class='ocrx_word' id='word_1_271' title='bbox 527 4226 562 4286; x_wconf 91' lang='lat' dir='ltr'><strong>et</strong></span> <span class='ocrx_word' id='word_1_272' title='bbox 586 4225 691 4301; x_wconf 85' lang='lat' dir='ltr'><strong>extra,</strong></span> <span class='ocrx_word' id='word_1_273' title='bbox 721 4225 837 4286; x_wconf 87' lang='lat' dir='ltr'><strong>contra</strong></span> <span class='ocrx_word' id='word_1_274' title='bbox 862 4242 975 4308; x_wconf 87' lang='lat' dir='ltr'><strong>paoem</strong></span> <span class='ocrx_word' id='word_1_275' title='bbox 1004 4230 1152 4288; x_wconf 85' lang='lat' dir='ltr'><strong>nostram</strong></span> <span class='ocrx_word' id='word_1_276' title='bbox 1175 4221 1285 4300; x_wconf 82' lang='lat' dir='ltr'><strong>factes,</strong></span> <span class='ocrx_word' id='word_1_277' title='bbox 1310 4245 1366 4289; x_wconf 91' lang='lat' dir='ltr'><strong>au·</strong></span> 
     </span>
     <span class='ocr_line' id='line_1_34' title="bbox 321 4321 1367 4410; baseline 0.004 -22"><span class='ocrx_word' id='word_1_278' title='bbox 321 4329 338 4360; x_wconf 91' lang='lat'><strong>“</strong></span> <span class='ocrx_word' id='word_1_279' title='bbox 361 4321 518 4388; x_wconf 90' lang='lat' dir='ltr'><strong>diendum</strong></span> <span class='ocrx_word' id='word_1_280' title='bbox 542 4327 577 4388; x_wconf 89' lang='lat' dir='ltr'><strong>et</strong></span> <span class='ocrx_word' id='word_1_281' title='bbox 598 4321 846 4388; x_wconf 86' lang='lat' dir='ltr'><strong>terminandum</strong></span> <span class='ocrx_word' id='word_1_282' title='bbox 869 4321 1052 4410; x_wconf 83' lang='lat' dir='ltr'><strong>assignatis,</strong></span> <span class='ocrx_word' id='word_1_283' title='bbox 1079 4322 1245 4389; x_wconf 84' lang='lat' dir='ltr'><strong>instanter</strong></span> <span class='ocrx_word' id='word_1_284' title='bbox 1276 4329 1367 4410; x_wconf 73' lang='lat' dir='ltr'><strong>pose</strong></span> 
     </span>
     <span class='ocr_line' id='line_1_35' title="bbox 321 4423 1368 4510; baseline 0.007 -22"><span class='ocrx_word' id='word_1_285' title='bbox 321 4431 341 4460; x_wconf 90' lang='lat'><strong>“</strong></span> <span class='ocrx_word' id='word_1_286' title='bbox 361 4445 461 4510; x_wconf 87' lang='lat' dir='ltr'><strong>quarn</strong></span> <span class='ocrx_word' id='word_1_287' title='bbox 496 4423 585 4510; x_wconf 89' lang='lat' dir='ltr'><strong>ipsos</strong></span> <span class='ocrx_word' id='word_1_288' title='bbox 622 4424 669 4490; x_wconf 88' lang='lat' dir='ltr'><strong>sic</strong></span> <span class='ocrx_word' id='word_1_289' title='bbox 706 4423 882 4510; x_wconf 87' lang='lat' dir='ltr'><strong>cepissetis,</strong></span> <span class='ocrx_word' id='word_1_290' title='bbox 929 4429 1078 4490; x_wconf 86' lang='lat' dir='ltr'><strong>constare</strong></span> <span class='ocrx_word' id='word_1_291' title='bbox 1118 4423 1290 4508; x_wconf 78' lang='lat' dir='ltr'><strong>faceretis3</strong></span> <span class='ocrx_word' id='word_1_292' title='bbox 1328 4433 1368 4496; x_wconf 90' lang='lat' dir='ltr'><strong>ut</strong></span> 
     </span>
     <span class='ocr_line' id='line_1_36' title="bbox 320 4525 1366 4613; baseline 0.006 -23"><span class='ocrx_word' id='word_1_293' title='bbox 320 4535 337 4562; x_wconf 91' lang='lat'><strong><em>“</em></strong></span> <span class='ocrx_word' id='word_1_294' title='bbox 360 4527 468 4604; x_wconf 89' lang='lat' dir='ltr'><strong>iidem,</strong></span> <span class='ocrx_word' id='word_1_295' title='bbox 489 4525 536 4592; x_wconf 88' lang='lat' dir='ltr'><strong>sio</strong></span> <span class='ocrx_word' id='word_1_296' title='bbox 562 4527 652 4613; x_wconf 86' lang='lat' dir='ltr'><strong>eapti</strong></span> <span class='ocrx_word' id='word_1_297' title='bbox 673 4526 769 4592; x_wconf 85' lang='lat' dir='ltr'><strong>vobis</strong></span> <span class='ocrx_word' id='word_1_298' title='bbox 784 4526 825 4591; x_wconf 91' lang='lat' dir='ltr'><strong>de</strong></span> <span class='ocrx_word' id='word_1_299' title='bbox 851 4529 1044 4613; x_wconf 88' lang='lat' dir='ltr'><strong>contemptu</strong></span> <span class='ocrx_word' id='word_1_300' title='bbox 1065 4525 1232 4613; x_wconf 73' lang='lat' dir='ltr'><strong>predicto,</strong></span> <span class='ocrx_word' id='word_1_301' title='bbox 1256 4549 1366 4596; x_wconf 86' lang='lat' dir='ltr'><strong>coram</strong></span> 
     </span>
     <span class='ocr_line' id='line_1_37' title="bbox 320 4626 1365 4715; baseline 0.004 -21"><span class='ocrx_word' id='word_1_302' title='bbox 320 4637 338 4666; x_wconf 90' lang='lat'><em>“</em></span> <span class='ocrx_word' id='word_1_303' title='bbox 360 4627 407 4694; x_wconf 88' lang='lat' dir='ltr'><strong>eis</strong></span> <span class='ocrx_word' id='word_1_304' title='bbox 429 4627 592 4709; x_wconf 88' lang='lat' dir='ltr'><strong>venirent,</strong></span> <span class='ocrx_word' id='word_1_305' title='bbox 624 4627 812 4715; x_wconf 88' lang='lat' dir='ltr'><strong>responsuri</strong></span> <span class='ocrx_word' id='word_1_306' title='bbox 844 4631 880 4692; x_wconf 90' lang='lat' dir='ltr'><strong>et</strong></span> <span class='ocrx_word' id='word_1_307' title='bbox 901 4626 1022 4692; x_wconf 83' lang='lat' dir='ltr'><strong>facturi</strong></span> <span class='ocrx_word' id='word_1_308' title='bbox 1045 4627 1135 4713; x_wconf 93' lang='lat' dir='ltr'><strong>quod</strong></span> <span class='ocrx_word' id='word_1_309' title='bbox 1163 4627 1265 4696; x_wconf 81' lang='lat' dir='ltr'><strong>Curia</strong></span> <span class='ocrx_word' id='word_1_310' title='bbox 1289 4652 1365 4698; x_wconf 89' lang='lat' dir='ltr'><strong>nos-</strong></span> 
     </span>
     <span class='ocr_line' id='line_1_38' title="bbox 320 4727 1367 4818; baseline 0.005 -24"><span class='ocrx_word' id='word_1_311' title='bbox 320 4735 340 4767; x_wconf 87' lang='lat'><strong>“</strong></span> <span class='ocrx_word' id='word_1_312' title='bbox 362 4733 414 4794; x_wconf 86' lang='lat' dir='ltr'><strong>trs</strong></span> <span class='ocrx_word' id='word_1_313' title='bbox 443 4729 664 4797; x_wconf 88' lang='lat' dir='ltr'><strong>consideraret</strong></span> <span class='ocrx_word' id='word_1_314' title='bbox 692 4729 730 4795; x_wconf 92' lang='lat' dir='ltr'><strong>in</strong></span> <span class='ocrx_word' id='word_1_315' title='bbox 763 4729 825 4794; x_wconf 85' lang='lat' dir='ltr'><strong>hnc</strong></span> <span class='ocrx_word' id='word_1_316' title='bbox 859 4727 1087 4815; x_wconf 86' lang='lat' dir='ltr'><strong>parte-Nos,</strong></span> <span class='ocrx_word' id='word_1_317' title='bbox 1118 4749 1178 4816; x_wconf 93' lang='lat' dir='ltr'><strong>pro</strong></span> <span class='ocrx_word' id='word_1_318' title='bbox 1208 4751 1246 4798; x_wconf 90' lang='lat' dir='ltr'><strong>eo</strong></span> <span class='ocrx_word' id='word_1_319' title='bbox 1277 4732 1367 4818; x_wconf 89' lang='lat' dir='ltr'><strong>quod</strong></span> 
     </span>
    </p>
   </div>
   <div class='ocr_carea' id='block_1_3' title="bbox 0 0 1836 5824">
    <p class='ocr_par' dir='ltr' id='par_1_3' title="bbox 0 0 1836 5824">
     <span class='ocr_line' id='line_1_39' title="bbox 0 0 1836 5824; baseline 0 0"><span class='ocrx_word' id='word_1_320' title='bbox 0 0 1836 5824; x_wconf 95' lang='lat' dir='ltr'><strong> </strong></span> 
     </span>
    </p>
   </div>
  </div>
 </body>
</html>
