<?xml version="1.0" encoding="UTF-8"?>
<!DOCTYPE html PUBLIC "-//W3C//DTD XHTML 1.0 Transitional//EN"
    "http://www.w3.org/TR/xhtml1/DTD/xhtml1-transitional.dtd">
<html xmlns="http://www.w3.org/1999/xhtml" xml:lang="en" lang="en">
 <head>
  <title>
</title>
<meta http-equiv="Content-Type" content="text/html;charset=utf-8" />
  <meta name='ocr-system' content='tesseract 3.04.00' />
  <meta name='ocr-capabilities' content='ocr_page ocr_carea ocr_par ocr_line ocrx_word'/>
</head>
<body>
  <div class='ocr_page' id='page_1' title='image "./munimentagildha05librgoog_0298.png"; bbox 0 0 3648 5816; ppageno 0'>
   <div class='ocr_carea' id='block_1_1' title="bbox 441 861 1490 950">
    <p class='ocr_par' dir='ltr' id='par_1_1' title="bbox 441 861 1490 950">
     <span class='ocr_line' id='line_1_1' title="bbox 441 861 1490 950; baseline 0 -22"><span class='ocrx_word' id='word_1_1' title='bbox 441 863 505 928; x_wconf 83' lang='lat'>138</span> <span class='ocrx_word' id='word_1_2' title='bbox 776 877 879 928; x_wconf 81' lang='lat' dir='ltr'>ursus</span> <span class='ocrx_word' id='word_1_3' title='bbox 900 875 1149 928; x_wconf 80' lang='lat' dir='ltr'>cusruunnuu.</span> <span class='ocrx_word' id='word_1_4' title='bbox 1309 861 1347 950; x_wconf 86' lang='lat'>[6</span> <span class='ocrx_word' id='word_1_5' title='bbox 1358 877 1490 928; x_wconf 76' lang='lat' dir='ltr'>nourr</span> 
     </span>
    </p>
   </div>
   <div class='ocr_carea' id='block_1_2' title="bbox 316 1063 1503 3928">
    <p class='ocr_par' dir='ltr' id='par_1_2' title="bbox 439 1063 1493 1254">
     <span class='ocr_line' id='line_1_2' title="bbox 439 1063 1492 1151; baseline 0.001 -22"><span class='ocrx_word' id='word_1_6' title='bbox 439 1069 533 1129; x_wconf 89' lang='lat' dir='ltr'>“ter</span> <span class='ocrx_word' id='word_1_7' title='bbox 565 1063 785 1150; x_wconf 84' lang='lat' dir='ltr'>postmodum,</span> <span class='ocrx_word' id='word_1_8' title='bbox 818 1065 868 1130; x_wconf 83' lang='lat' dir='ltr'>vi⁰</span> <span class='ocrx_word' id='word_1_9' title='bbox 898 1064 953 1129; x_wconf 88' lang='lat' dir='ltr'>die</span> <span class='ocrx_word' id='word_1_10' title='bbox 987 1063 1152 1144; x_wconf 85' lang='lat' dir='ltr'>Octobris,</span> <span class='ocrx_word' id='word_1_11' title='bbox 1183 1085 1271 1130; x_wconf 80' lang='lat' dir='ltr'>enno</span> <span class='ocrx_word' id='word_1_12' title='bbox 1306 1065 1403 1151; x_wconf 87' lang='lat' dir='ltr'>regni</span> <span class='ocrx_word' id='word_1_13' title='bbox 1439 1065 1492 1130; x_wconf 90' lang='lat' dir='ltr'>sui</span> 
     </span>
     <span class='ocr_line' id='line_1_3' title="bbox 440 1166 1493 1254; baseline 0.002 -22"><span class='ocrx_word' id='word_1_14' title='bbox 440 1173 461 1202; x_wconf 79' lang='lat'>‘⁶</span> <span class='ocrx_word' id='word_1_15' title='bbox 481 1169 613 1246; x_wconf 60' lang='lat' dir='ltr'>mut,</span> <span class='ocrx_word' id='word_1_16' title='bbox 652 1166 778 1232; x_wconf 89' lang='lat' dir='ltr'>dietum</span> <span class='ocrx_word' id='word_1_17' title='bbox 813 1167 1026 1254; x_wconf 77' lang='lat' dir='ltr'>mesuagium,</span> <span class='ocrx_word' id='word_1_18' title='bbox 1061 1188 1137 1234; x_wconf 90' lang='lat' dir='ltr'>oum</span> <span class='ocrx_word' id='word_1_19' title='bbox 1176 1167 1399 1254; x_wconf 67' lang='lat' dir='ltr'><strong>pertinentiis,</strong></span> <span class='ocrx_word' id='word_1_20' title='bbox 1434 1189 1493 1254; x_wconf 89' lang='lat' dir='ltr'>per</span> 
     </span>
    </p>

    <p class='ocr_par' dir='ltr' id='par_1_3' title="bbox 316 1267 1503 3928">
     <span class='ocr_line' id='line_1_4' title="bbox 316 1267 1493 1347; baseline -0.003 -9"><span class='ocrx_word' id='word_1_21' title='bbox 316 1325 323 1338; x_wconf 92' lang='lat'>.</span> <span class='ocrx_word' id='word_1_22' title='bbox 357 1323 394 1340; x_wconf 93' lang='lat'>..</span> <span class='ocrx_word' id='word_1_23' title='bbox 440 1274 460 1306; x_wconf 88' lang='lat'>“</span> <span class='ocrx_word' id='word_1_24' title='bbox 481 1269 630 1336; x_wconf 79' lang='lat' dir='ltr'>ohortum</span> <span class='ocrx_word' id='word_1_25' title='bbox 661 1289 755 1334; x_wconf 88' lang='lat' dir='ltr'>sunm</span> <span class='ocrx_word' id='word_1_26' title='bbox 786 1268 931 1336; x_wconf 82' lang='lat' dir='ltr'>dedisset</span> <span class='ocrx_word' id='word_1_27' title='bbox 958 1269 1105 1336; x_wconf 83' lang='lat' dir='ltr'>Mertino</span> <span class='ocrx_word' id='word_1_28' title='bbox 1132 1267 1308 1347; x_wconf 84' lang='lat' dir='ltr'>Schenche,</span> <span class='ocrx_word' id='word_1_29' title='bbox 1332 1268 1493 1335; x_wconf 75' lang='lat' dir='ltr'>servienti</span> 
     </span>
     <span class='ocr_line' id='line_1_5' title="bbox 440 1371 1493 1450; baseline -0.002 -12"><span class='ocrx_word' id='word_1_30' title='bbox 440 1377 459 1410; x_wconf 90' lang='lat'><strong>“</strong></span> <span class='ocrx_word' id='word_1_31' title='bbox 481 1393 550 1450; x_wconf 88' lang='lat' dir='ltr'>suo,</span> <span class='ocrx_word' id='word_1_32' title='bbox 573 1372 762 1439; x_wconf 80' lang='lat' dir='ltr'>habendum</span> <span class='ocrx_word' id='word_1_33' title='bbox 784 1377 820 1438; x_wconf 87' lang='lat' dir='ltr'>et</span> <span class='ocrx_word' id='word_1_34' title='bbox 841 1371 1023 1438; x_wconf 90' lang='lat' dir='ltr'>tenendum</span> <span class='ocrx_word' id='word_1_35' title='bbox 1055 1371 1119 1436; x_wconf 88' lang='lat' dir='ltr'>sibi</span> <span class='ocrx_word' id='word_1_36' title='bbox 1151 1376 1186 1437; x_wconf 91' lang='lat' dir='ltr'>et</span> <span class='ocrx_word' id='word_1_37' title='bbox 1216 1371 1404 1438; x_wconf 71' lang='lat' dir='ltr'>haeredibus</span> <span class='ocrx_word' id='word_1_38' title='bbox 1426 1373 1493 1436; x_wconf 87' lang='lat' dir='ltr'>suis</span> 
     </span>
     <span class='ocr_line' id='line_1_6' title="bbox 440 1472 1493 1561; baseline -0.002 -21"><span class='ocrx_word' id='word_1_39' title='bbox 440 1480 460 1512; x_wconf 83' lang='lat'>‘¹</span> <span class='ocrx_word' id='word_1_40' title='bbox 481 1475 518 1540; x_wconf 91' lang='lat' dir='ltr'>in</span> <span class='ocrx_word' id='word_1_41' title='bbox 538 1479 755 1561; x_wconf 84' lang='lat' dir='ltr'>perpetuum3</span> <span class='ocrx_word' id='word_1_42' title='bbox 775 1473 928 1559; x_wconf 87' lang='lat' dir='ltr'>idemque</span> <span class='ocrx_word' id='word_1_43' title='bbox 960 1472 1126 1540; x_wconf 81' lang='lat' dir='ltr'>Martinus</span> <span class='ocrx_word' id='word_1_44' title='bbox 1157 1472 1311 1538; x_wconf 84' lang='lat' dir='ltr'>seisinom</span> <span class='ocrx_word' id='word_1_45' title='bbox 1348 1473 1493 1560; x_wconf 86' lang='lat' dir='ltr'>ejusdem</span> 
     </span>
     <span class='ocr_line' id='line_1_7' title="bbox 441 1575 1493 1664; baseline -0.002 -20"><span class='ocrx_word' id='word_1_46' title='bbox 441 1585 459 1614; x_wconf 89' lang='lat'><strong>“</strong></span> <span class='ocrx_word' id='word_1_47' title='bbox 481 1577 641 1664; x_wconf 89' lang='lat' dir='ltr'>mesusgii</span> <span class='ocrx_word' id='word_1_48' title='bbox 663 1581 744 1642; x_wconf 88' lang='lat' dir='ltr'>tuno</span> <span class='ocrx_word' id='word_1_49' title='bbox 767 1577 908 1663; x_wconf 75' lang='lat' dir='ltr'>adeptus</span> <span class='ocrx_word' id='word_1_50' title='bbox 923 1575 1061 1656; x_wconf 89' lang='lat' dir='ltr'>fuisset;</span> <span class='ocrx_word' id='word_1_51' title='bbox 1084 1576 1190 1642; x_wconf 83' lang='lat' dir='ltr'>dictus</span> <span class='ocrx_word' id='word_1_52' title='bbox 1213 1581 1327 1642; x_wconf 87' lang='lat' dir='ltr'>tumen</span> <span class='ocrx_word' id='word_1_53' title='bbox 1348 1577 1493 1662; x_wconf 88' lang='lat' dir='ltr'>quinque</span> 
     </span>
     <span class='ocr_line' id='line_1_8' title="bbox 441 1677 1495 1746; baseline -0.002 0"><span class='ocrx_word' id='word_1_54' title='bbox 441 1689 458 1717; x_wconf 93' lang='lat'><strong><em>“</em></strong></span> <span class='ocrx_word' id='word_1_55' title='bbox 480 1701 607 1746; x_wconf 78' lang='lat' dir='ltr'>meroes</span> <span class='ocrx_word' id='word_1_56' title='bbox 638 1700 766 1744; x_wconf 79' lang='lat' dir='ltr'>annuas</span> <span class='ocrx_word' id='word_1_57' title='bbox 791 1700 813 1745; x_wconf 80' lang='lat' dir='ltr'>o</span> <span class='ocrx_word' id='word_1_58' title='bbox 840 1678 971 1744; x_wconf 87' lang='lat' dir='ltr'>civibus</span> <span class='ocrx_word' id='word_1_59' title='bbox 1001 1681 1037 1744; x_wconf 89' lang='lat' dir='ltr'>et</span> <span class='ocrx_word' id='word_1_60' title='bbox 1059 1677 1317 1746; x_wconf 74' lang='lat' dir='ltr'>vicecomitibus</span> <span class='ocrx_word' id='word_1_61' title='bbox 1348 1678 1495 1744; x_wconf 78' lang='lat' dir='ltr'>civitatis</span> 
     </span>
     <span class='ocr_line' id='line_1_9' title="bbox 440 1779 1495 1870; baseline -0.001 -22"><span class='ocrx_word' id='word_1_62' title='bbox 440 1789 460 1820; x_wconf 92' lang='lat'><strong><em>“</em></strong></span> <span class='ocrx_word' id='word_1_63' title='bbox 480 1783 577 1861; x_wconf 86' lang='lat' dir='ltr'>illius,</span> <span class='ocrx_word' id='word_1_64' title='bbox 593 1787 669 1870; x_wconf 90' lang='lat' dir='ltr'>post</span> <span class='ocrx_word' id='word_1_65' title='bbox 691 1783 817 1848; x_wconf 85' lang='lat' dir='ltr'>dictum</span> <span class='ocrx_word' id='word_1_66' title='bbox 838 1786 972 1848; x_wconf 79' lang='lat' dir='ltr'>sexium</span> <span class='ocrx_word' id='word_1_67' title='bbox 995 1779 1095 1868; x_wconf 62' lang='lat' dir='ltr'>diem]</span> <span class='ocrx_word' id='word_1_68' title='bbox 1106 1780 1268 1860; x_wconf 86' lang='lat' dir='ltr'>Octobris,</span> <span class='ocrx_word' id='word_1_69' title='bbox 1285 1802 1323 1846; x_wconf 84' lang='lat' dir='ltr'>so</span> <span class='ocrx_word' id='word_1_70' title='bbox 1337 1782 1366 1847; x_wconf 88' lang='lat' dir='ltr'>si</span> <span class='ocrx_word' id='word_1_71' title='bbox 1388 1803 1495 1847; x_wconf 89' lang='lat' dir='ltr'>mesu·</span> 
     </span>
     <span class='ocr_line' id='line_1_10' title="bbox 441 1881 1496 1972; baseline 0 -22"><span class='ocrx_word' id='word_1_72' title='bbox 441 1891 459 1924; x_wconf 90' lang='lat'><strong>“</strong></span> <span class='ocrx_word' id='word_1_73' title='bbox 480 1885 593 1972; x_wconf 85' lang='lat' dir='ltr'>egium</span> <span class='ocrx_word' id='word_1_74' title='bbox 616 1883 760 1949; x_wconf 87' lang='lat' dir='ltr'>illudio</span> <span class='ocrx_word' id='word_1_75' title='bbox 783 1903 897 1950; x_wconf 90' lang='lat' dir='ltr'>eorum</span> <span class='ocrx_word' id='word_1_76' title='bbox 918 1882 1072 1948; x_wconf 85' lang='lat' dir='ltr'>custodis</span> <span class='ocrx_word' id='word_1_77' title='bbox 1095 1881 1317 1964; x_wconf 73' lang='lat' dir='ltr'>remansisset,</span> <span class='ocrx_word' id='word_1_78' title='bbox 1339 1882 1437 1970; x_wconf 83' lang='lat' dir='ltr'>exigi,</span> <span class='ocrx_word' id='word_1_79' title='bbox 1461 1889 1496 1950; x_wconf 88' lang='lat' dir='ltr'>et</span> 
     </span>
     <span class='ocr_line' id='line_1_11' title="bbox 438 1985 1498 2074; baseline -0.006 -18"><span class='ocrx_word' id='word_1_80' title='bbox 438 1993 459 2056; x_wconf 89' lang='lat'>.“</span> <span class='ocrx_word' id='word_1_81' title='bbox 482 1989 579 2074; x_wconf 89' lang='lat' dir='ltr'>ipsos,</span> <span class='ocrx_word' id='word_1_82' title='bbox 609 2008 647 2054; x_wconf 83' lang='lat' dir='ltr'>ee</span> <span class='ocrx_word' id='word_1_83' title='bbox 681 1987 858 2066; x_wconf 77' lang='lat' dir='ltr'>occasione,</span> <span class='ocrx_word' id='word_1_84' title='bbox 882 1987 1031 2074; x_wconf 81' lang='lat' dir='ltr'>graviter</span> <span class='ocrx_word' id='word_1_85' title='bbox 1062 1985 1219 2072; x_wconf 76' lang='lat' dir='ltr'>distringi</span> <span class='ocrx_word' id='word_1_86' title='bbox 1250 1989 1286 2052; x_wconf 89' lang='lat' dir='ltr'>et</span> <span class='ocrx_word' id='word_1_87' title='bbox 1318 1985 1498 2072; x_wconf 79' lang='lat' dir='ltr'>inquietari</span> 
     </span>
     <span class='ocr_line' id='line_1_12' title="bbox 441 2087 1498 2176; baseline -0.005 -20"><span class='ocrx_word' id='word_1_88' title='bbox 441 2097 461 2128; x_wconf 91' lang='lat'><em>“</em></span> <span class='ocrx_word' id='word_1_89' title='bbox 482 2089 598 2170; x_wconf 80' lang='lat' dir='ltr'>fucitis,</span> <span class='ocrx_word' id='word_1_90' title='bbox 623 2088 734 2156; x_wconf 88' lang='lat' dir='ltr'>minus</span> <span class='ocrx_word' id='word_1_91' title='bbox 761 2090 862 2176; x_wconf 87' lang='lat' dir='ltr'>juste,</span> <span class='ocrx_word' id='word_1_92' title='bbox 884 2089 922 2154; x_wconf 90' lang='lat' dir='ltr'>in</span> <span class='ocrx_word' id='word_1_93' title='bbox 953 2089 1099 2175; x_wconf 84' lang='lat' dir='ltr'>ipsorum</span> <span class='ocrx_word' id='word_1_94' title='bbox 1123 2087 1282 2152; x_wconf 80' lang='lat' dir='ltr'>domnum</span> <span class='ocrx_word' id='word_1_95' title='bbox 1303 2109 1372 2153; x_wconf 90' lang='lat' dir='ltr'>non</span> <span class='ocrx_word' id='word_1_96' title='bbox 1393 2087 1498 2156; x_wconf 87' lang='lat' dir='ltr'>modi-</span> 
     </span>
     <span class='ocr_line' id='line_1_13' title="bbox 441 2189 1497 2280; baseline -0.002 -21"><span class='ocrx_word' id='word_1_97' title='bbox 441 2201 459 2231; x_wconf 89' lang='lat'><strong>“</strong></span> <span class='ocrx_word' id='word_1_98' title='bbox 482 2215 564 2272; x_wconf 89' lang='lat' dir='ltr'>cum,</span> <span class='ocrx_word' id='word_1_99' title='bbox 581 2197 617 2259; x_wconf 89' lang='lat' dir='ltr'>et</span> <span class='ocrx_word' id='word_1_100' title='bbox 638 2213 827 2280; x_wconf 74' lang='lat' dir='ltr'>gravamen.</span> <span class='ocrx_word' id='word_1_101' title='bbox 873 2191 920 2258; x_wconf 87' lang='lat' dir='ltr'>Et</span> <span class='ocrx_word' id='word_1_102' title='bbox 942 2191 1020 2277; x_wconf 81' lang='lat' dir='ltr'>quis</span> <span class='ocrx_word' id='word_1_103' title='bbox 1041 2189 1194 2256; x_wconf 89' lang='lat' dir='ltr'>nolumus</span> <span class='ocrx_word' id='word_1_104' title='bbox 1209 2189 1298 2276; x_wconf 89' lang='lat' dir='ltr'>quod</span> <span class='ocrx_word' id='word_1_105' title='bbox 1313 2190 1394 2256; x_wconf 87' lang='lat' dir='ltr'>dicti</span> <span class='ocrx_word' id='word_1_106' title='bbox 1409 2191 1497 2257; x_wconf 88' lang='lat' dir='ltr'>cives</span> 
     </span>
     <span class='ocr_line' id='line_1_14' title="bbox 442 2292 1497 2382; baseline -0.002 -20"><span class='ocrx_word' id='word_1_107' title='bbox 442 2303 460 2334; x_wconf 87' lang='lat'><strong><em>“</em></strong></span> <span class='ocrx_word' id='word_1_108' title='bbox 482 2300 518 2362; x_wconf 89' lang='lat' dir='ltr'>et</span> <span class='ocrx_word' id='word_1_109' title='bbox 532 2295 750 2362; x_wconf 86' lang='lat' dir='ltr'>Vioecomites</span> <span class='ocrx_word' id='word_1_110' title='bbox 772 2295 809 2360; x_wconf 90' lang='lat' dir='ltr'>in</span> <span class='ocrx_word' id='word_1_111' title='bbox 833 2293 894 2360; x_wconf 81' lang='lat' dir='ltr'>hac</span> <span class='ocrx_word' id='word_1_112' title='bbox 916 2298 1011 2382; x_wconf 83' lang='lat' dir='ltr'>purte</span> <span class='ocrx_word' id='word_1_113' title='bbox 1032 2292 1182 2359; x_wconf 85' lang='lat' dir='ltr'>indebite</span> <span class='ocrx_word' id='word_1_114' title='bbox 1198 2298 1388 2372; x_wconf 84' lang='lat' dir='ltr'>onerentur,</span> <span class='ocrx_word' id='word_1_115' title='bbox 1402 2294 1497 2360; x_wconf 82' lang='lat' dir='ltr'>robis</span> 
     </span>
     <span class='ocr_line' id='line_1_15' title="bbox 441 2395 1497 2484; baseline -0.002 -20"><span class='ocrx_word' id='word_1_116' title='bbox 441 2408 460 2436; x_wconf 88' lang='lat'><strong><em>“</em></strong></span> <span class='ocrx_word' id='word_1_117' title='bbox 481 2399 687 2476; x_wconf 79' lang='lat' dir='ltr'>mundamus,</span> <span class='ocrx_word' id='word_1_118' title='bbox 705 2397 795 2484; x_wconf 91' lang='lat' dir='ltr'>quod</span> <span class='ocrx_word' id='word_1_119' title='bbox 816 2397 845 2464; x_wconf 88' lang='lat' dir='ltr'>si</span> <span class='ocrx_word' id='word_1_120' title='bbox 868 2418 927 2484; x_wconf 87' lang='lat' dir='ltr'>per</span> <span class='ocrx_word' id='word_1_121' title='bbox 942 2395 1212 2483; x_wconf 82' lang='lat' dir='ltr'>inquisitionem,</span> <span class='ocrx_word' id='word_1_122' title='bbox 1226 2396 1282 2462; x_wconf 83' lang='lat' dir='ltr'>vel</span> <span class='ocrx_word' id='word_1_123' title='bbox 1303 2397 1368 2463; x_wconf 82' lang='lat' dir='ltr'>olio</span> <span class='ocrx_word' id='word_1_124' title='bbox 1389 2397 1497 2476; x_wconf 85' lang='lat' dir='ltr'>mode,</span> 
     </span>
     <span class='ocr_line' id='line_1_16' title="bbox 442 2499 1498 2587; baseline -0.003 -20"><span class='ocrx_word' id='word_1_125' title='bbox 442 2508 461 2539; x_wconf 76' lang='lat'>‘⁸</span> <span class='ocrx_word' id='word_1_126' title='bbox 482 2501 579 2567; x_wconf 85' lang='lat' dir='ltr'>vobis</span> <span class='ocrx_word' id='word_1_127' title='bbox 599 2500 748 2587; x_wconf 85' lang='lat' dir='ltr'>legitime</span> <span class='ocrx_word' id='word_1_128' title='bbox 780 2503 931 2565; x_wconf 72' lang='lat' dir='ltr'>constare</span> <span class='ocrx_word' id='word_1_129' title='bbox 953 2499 1084 2586; x_wconf 87' lang='lat' dir='ltr'>poterit,</span> <span class='ocrx_word' id='word_1_130' title='bbox 1109 2499 1323 2585; x_wconf 80' lang='lat' dir='ltr'>mesuagium,</span> <span class='ocrx_word' id='word_1_131' title='bbox 1349 2519 1409 2585; x_wconf 85' lang='lat' dir='ltr'>per</span> <span class='ocrx_word' id='word_1_132' title='bbox 1430 2500 1498 2565; x_wconf 92' lang='lat' dir='ltr'>dic-</span> 
     </span>
     <span class='ocr_line' id='line_1_17' title="bbox 443 2598 1499 2689; baseline -0.001 -20"><span class='ocrx_word' id='word_1_133' title='bbox 443 2611 461 2642; x_wconf 93' lang='lat'><strong>“</strong></span> <span class='ocrx_word' id='word_1_134' title='bbox 484 2608 558 2669; x_wconf 88' lang='lat' dir='ltr'>tum</span> <span class='ocrx_word' id='word_1_135' title='bbox 580 2624 683 2668; x_wconf 85' lang='lat' dir='ltr'>ovum</span> <span class='ocrx_word' id='word_1_136' title='bbox 704 2606 857 2668; x_wconf 88' lang='lat' dir='ltr'>nostrum</span> <span class='ocrx_word' id='word_1_137' title='bbox 879 2601 1018 2689; x_wconf 80' lang='lat' dir='ltr'>praefoto</span> <span class='ocrx_word' id='word_1_138' title='bbox 1042 2598 1190 2668; x_wconf 84' lang='lat' dir='ltr'>Mortino</span> <span class='ocrx_word' id='word_1_139' title='bbox 1213 2601 1260 2667; x_wconf 89' lang='lat' dir='ltr'>sic</span> <span class='ocrx_word' id='word_1_140' title='bbox 1282 2601 1409 2684; x_wconf 83' lang='lat' dir='ltr'>dotum,</span> <span class='ocrx_word' id='word_1_141' title='bbox 1429 2624 1499 2668; x_wconf 89' lang='lat' dir='ltr'>esse</span> 
     </span>
     <span class='ocr_line' id='line_1_18' title="bbox 443 2701 1498 2790; baseline 0 -20"><span class='ocrx_word' id='word_1_142' title='bbox 443 2711 462 2742; x_wconf 91' lang='lat'><strong>“</strong></span> <span class='ocrx_word' id='word_1_143' title='bbox 484 2705 568 2770; x_wconf 85' lang='lat' dir='ltr'>iilud</span> <span class='ocrx_word' id='word_1_144' title='bbox 592 2705 682 2770; x_wconf 90' lang='lat' dir='ltr'>idem</span> <span class='ocrx_word' id='word_1_145' title='bbox 704 2701 911 2790; x_wconf 86' lang='lat' dir='ltr'>mesuegium</span> <span class='ocrx_word' id='word_1_146' title='bbox 937 2703 1026 2790; x_wconf 92' lang='lat' dir='ltr'>quod</span> <span class='ocrx_word' id='word_1_147' title='bbox 1049 2702 1116 2770; x_wconf 86' lang='lat' dir='ltr'>Leo</span> <span class='ocrx_word' id='word_1_148' title='bbox 1146 2701 1286 2770; x_wconf 82' lang='lat' dir='ltr'>Judaeus</span> <span class='ocrx_word' id='word_1_149' title='bbox 1317 2705 1438 2784; x_wconf 86' lang='lat' dir='ltr'>tenuit,</span> <span class='ocrx_word' id='word_1_150' title='bbox 1463 2709 1498 2770; x_wconf 89' lang='lat' dir='ltr'>et</span> 
     </span>
     <span class='ocr_line' id='line_1_19' title="bbox 442 2806 1498 2894; baseline 0.001 -23"><span class='ocrx_word' id='word_1_151' title='bbox 442 2814 462 2843; x_wconf 91' lang='lat'><strong>“</strong></span> <span class='ocrx_word' id='word_1_152' title='bbox 484 2807 574 2894; x_wconf 90' lang='lat' dir='ltr'>quod</span> <span class='ocrx_word' id='word_1_153' title='bbox 595 2806 755 2894; x_wconf 83' lang='lat' dir='ltr'>praefstus</span> <span class='ocrx_word' id='word_1_154' title='bbox 771 2806 938 2872; x_wconf 77' lang='lat' dir='ltr'>Martinus</span> <span class='ocrx_word' id='word_1_155' title='bbox 959 2806 1114 2872; x_wconf 84' lang='lat' dir='ltr'>seisinem</span> <span class='ocrx_word' id='word_1_156' title='bbox 1137 2806 1298 2894; x_wconf 74' lang='lat' dir='ltr'>mesuagii</span> <span class='ocrx_word' id='word_1_157' title='bbox 1315 2806 1412 2886; x_wconf 82' lang='lat' dir='ltr'>iilius,</span> <span class='ocrx_word' id='word_1_158' title='bbox 1431 2807 1498 2872; x_wconf 89' lang='lat' dir='ltr'>vir-</span> 
     </span>
     <span class='ocr_line' id='line_1_20' title="bbox 443 2907 1499 2997; baseline -0.001 -21"><span class='ocrx_word' id='word_1_159' title='bbox 443 2916 462 2947; x_wconf 92' lang='lat'><strong>“</strong></span> <span class='ocrx_word' id='word_1_160' title='bbox 483 2914 558 2976; x_wconf 90' lang='lat' dir='ltr'>tute</span> <span class='ocrx_word' id='word_1_161' title='bbox 581 2908 770 2975; x_wconf 77' lang='lat' dir='ltr'>donationis</span> <span class='ocrx_word' id='word_1_162' title='bbox 792 2907 970 2996; x_wconf 81' lang='lat' dir='ltr'>praedictae,</span> <span class='ocrx_word' id='word_1_163' title='bbox 988 2909 1130 2995; x_wconf 81' lang='lat' dir='ltr'>adeptus</span> <span class='ocrx_word' id='word_1_164' title='bbox 1156 2909 1232 2989; x_wconf 84' lang='lat' dir='ltr'>fuit,</span> <span class='ocrx_word' id='word_1_165' title='bbox 1256 2909 1342 2974; x_wconf 89' lang='lat' dir='ltr'>sicut</span> <span class='ocrx_word' id='word_1_166' title='bbox 1363 2910 1499 2997; x_wconf 67' lang='lat' dir='ltr'>proedic-</span> 
     </span>
     <span class='ocr_line' id='line_1_21' title="bbox 444 3010 1498 3100; baseline 0.002 -22"><span class='ocrx_word' id='word_1_167' title='bbox 444 3016 559 3078; x_wconf 86' lang='lat' dir='ltr'>“tum</span> <span class='ocrx_word' id='word_1_168' title='bbox 581 3015 654 3093; x_wconf 85' lang='lat' dir='ltr'>est;</span> <span class='ocrx_word' id='word_1_169' title='bbox 687 3017 769 3078; x_wconf 86' lang='lat' dir='ltr'>tune</span> <span class='ocrx_word' id='word_1_170' title='bbox 791 3010 897 3077; x_wconf 88' lang='lat' dir='ltr'>dictos</span> <span class='ocrx_word' id='word_1_171' title='bbox 928 3012 1016 3078; x_wconf 85' lang='lat' dir='ltr'>cives</span> <span class='ocrx_word' id='word_1_172' title='bbox 1050 3015 1084 3076; x_wconf 88' lang='lat' dir='ltr'>et</span> <span class='ocrx_word' id='word_1_173' title='bbox 1114 3010 1330 3077; x_wconf 88' lang='lat' dir='ltr'>Vicecomites</span> <span class='ocrx_word' id='word_1_174' title='bbox 1352 3011 1394 3078; x_wconf 92' lang='lat' dir='ltr'>de</span> <span class='ocrx_word' id='word_1_175' title='bbox 1414 3035 1498 3100; x_wconf 69' lang='lat' dir='ltr'>prus-</span> 
     </span>
     <span class='ocr_line' id='line_1_22' title="bbox 445 3114 1500 3201; baseline 0.001 -20"><span class='ocrx_word' id='word_1_176' title='bbox 445 3115 583 3181; x_wconf 87' lang='lat' dir='ltr'>“dictis</span> <span class='ocrx_word' id='word_1_177' title='bbox 617 3114 764 3201; x_wconf 89' lang='lat' dir='ltr'>quinque</span> <span class='ocrx_word' id='word_1_178' title='bbox 797 3115 916 3180; x_wconf 78' lang='lat' dir='ltr'>merois</span> <span class='ocrx_word' id='word_1_179' title='bbox 953 3115 1081 3193; x_wconf 82' lang='lat' dir='ltr'>sunnis,</span> <span class='ocrx_word' id='word_1_180' title='bbox 1106 3114 1150 3180; x_wconf 86' lang='lat' dir='ltr'>sb</span> <span class='ocrx_word' id='word_1_181' title='bbox 1180 3114 1295 3181; x_wconf 90' lang='lat' dir='ltr'>eodem</span> <span class='ocrx_word' id='word_1_182' title='bbox 1328 3120 1424 3181; x_wconf 81' lang='lat' dir='ltr'>sexto</span> <span class='ocrx_word' id='word_1_183' title='bbox 1446 3116 1500 3182; x_wconf 92' lang='lat' dir='ltr'>die</span> 
     </span>
     <span class='ocr_line' id='line_1_23' title="bbox 446 3216 1500 3302; baseline -0.002 -16"><span class='ocrx_word' id='word_1_184' title='bbox 446 3224 464 3255; x_wconf 88' lang='lat'>“</span> <span class='ocrx_word' id='word_1_185' title='bbox 488 3218 648 3298; x_wconf 84' lang='lat' dir='ltr'>Octobris,</span> <span class='ocrx_word' id='word_1_186' title='bbox 685 3216 858 3282; x_wconf 80' lang='lat' dir='ltr'>exonerari</span> <span class='ocrx_word' id='word_1_187' title='bbox 881 3222 916 3283; x_wconf 87' lang='lat' dir='ltr'>et</span> <span class='ocrx_word' id='word_1_188' title='bbox 946 3217 1076 3302; x_wconf 90' lang='lat' dir='ltr'>quietos</span> <span class='ocrx_word' id='word_1_189' title='bbox 1111 3237 1181 3283; x_wconf 87' lang='lat' dir='ltr'>esse</span> <span class='ocrx_word' id='word_1_190' title='bbox 1209 3217 1347 3284; x_wconf 81' lang='lat' dir='ltr'>facistis</span> <span class='ocrx_word' id='word_1_191' title='bbox 1394 3218 1440 3284; x_wconf 87' lang='lat' dir='ltr'>Et</span> <span class='ocrx_word' id='word_1_192' title='bbox 1471 3221 1500 3284; x_wconf 88' lang='lat' dir='ltr'>si</span> 
     </span>
     <span class='ocr_line' id='line_1_24' title="bbox 445 3319 1500 3408; baseline 0 -22"><span class='ocrx_word' id='word_1_193' title='bbox 445 3329 465 3360; x_wconf 88' lang='lat'><strong>“</strong></span> <span class='ocrx_word' id='word_1_194' title='bbox 486 3321 567 3408; x_wconf 90' lang='lat' dir='ltr'>quid</span> <span class='ocrx_word' id='word_1_195' title='bbox 604 3321 648 3386; x_wconf 84' lang='lat' dir='ltr'>ob</span> <span class='ocrx_word' id='word_1_196' title='bbox 685 3321 741 3399; x_wconf 89' lang='lat' dir='ltr'>eis,</span> <span class='ocrx_word' id='word_1_197' title='bbox 780 3319 909 3385; x_wconf 80' lang='lat' dir='ltr'>ratione</span> <span class='ocrx_word' id='word_1_198' title='bbox 943 3320 1106 3385; x_wconf 83' lang='lat' dir='ltr'>dicturum</span> <span class='ocrx_word' id='word_1_199' title='bbox 1137 3320 1284 3407; x_wconf 88' lang='lat' dir='ltr'>quinque</span> <span class='ocrx_word' id='word_1_200' title='bbox 1317 3342 1500 3386; x_wconf 76' lang='lat' dir='ltr'>morcsmrm</span> 
     </span>
     <span class='ocr_line' id='line_1_25' title="bbox 444 3421 1501 3510; baseline -0.002 -20"><span class='ocrx_word' id='word_1_201' title='bbox 444 3429 465 3461; x_wconf 87' lang='lat'><strong><em>“</em></strong></span> <span class='ocrx_word' id='word_1_202' title='bbox 487 3445 680 3502; x_wconf 76' lang='lat' dir='ltr'>annuorum,</span> <span class='ocrx_word' id='word_1_203' title='bbox 708 3445 729 3488; x_wconf 84' lang='lat' dir='ltr'>e</span> <span class='ocrx_word' id='word_1_204' title='bbox 758 3421 917 3510; x_wconf 80' lang='lat' dir='ltr'>proedicto</span> <span class='ocrx_word' id='word_1_205' title='bbox 954 3427 1049 3488; x_wconf 85' lang='lat' dir='ltr'>sexto</span> <span class='ocrx_word' id='word_1_206' title='bbox 1083 3422 1137 3489; x_wconf 91' lang='lat' dir='ltr'>die</span> <span class='ocrx_word' id='word_1_207' title='bbox 1168 3421 1322 3489; x_wconf 79' lang='lat' dir='ltr'>Octobris</span> <span class='ocrx_word' id='word_1_208' title='bbox 1352 3425 1501 3490; x_wconf 81' lang='lat' dir='ltr'>levatum</span> 
     </span>
     <span class='ocr_line' id='line_1_26' title="bbox 446 3523 1501 3612; baseline 0.001 -21"><span class='ocrx_word' id='word_1_209' title='bbox 446 3533 464 3564; x_wconf 90' lang='lat'>“</span> <span class='ocrx_word' id='word_1_210' title='bbox 486 3526 595 3604; x_wconf 88' lang='lat' dir='ltr'>fuerit,</span> <span class='ocrx_word' id='word_1_211' title='bbox 619 3525 655 3590; x_wconf 93' lang='lat' dir='ltr'>id</span> <span class='ocrx_word' id='word_1_212' title='bbox 677 3525 824 3612; x_wconf 83' lang='lat' dir='ltr'>prssfntis</span> <span class='ocrx_word' id='word_1_213' title='bbox 838 3525 968 3592; x_wconf 86' lang='lat' dir='ltr'>civibus</span> <span class='ocrx_word' id='word_1_214' title='bbox 987 3530 1021 3591; x_wconf 88' lang='lat' dir='ltr'>et</span> <span class='ocrx_word' id='word_1_215' title='bbox 1037 3523 1301 3605; x_wconf 87' lang='lat' dir='ltr'>Vioocomitibus,</span> <span class='ocrx_word' id='word_1_216' title='bbox 1321 3525 1358 3590; x_wconf 91' lang='lat' dir='ltr'>in</span> <span class='ocrx_word' id='word_1_217' title='bbox 1381 3527 1501 3592; x_wconf 88' lang='lat' dir='ltr'>debitis</span> 
     </span>
     <span class='ocr_line' id='line_1_27' title="bbox 447 3627 1500 3716; baseline 0 -20"><span class='ocrx_word' id='word_1_218' title='bbox 447 3635 466 3668; x_wconf 90' lang='lat'><strong>“</strong></span> <span class='ocrx_word' id='word_1_219' title='bbox 488 3651 563 3716; x_wconf 76' lang='lat' dir='ltr'>quse</span> <span class='ocrx_word' id='word_1_220' title='bbox 589 3628 685 3694; x_wconf 87' lang='lat' dir='ltr'>uobis</span> <span class='ocrx_word' id='word_1_221' title='bbox 719 3628 842 3694; x_wconf 87' lang='lat' dir='ltr'>debent</span> <span class='ocrx_word' id='word_1_222' title='bbox 864 3629 908 3694; x_wconf 84' lang='lat' dir='ltr'>sd</span> <span class='ocrx_word' id='word_1_223' title='bbox 942 3628 1069 3695; x_wconf 88' lang='lat' dir='ltr'>dictum</span> <span class='ocrx_word' id='word_1_224' title='bbox 1101 3627 1316 3708; x_wconf 81' lang='lat' dir='ltr'>Sosocsrium,</span> <span class='ocrx_word' id='word_1_225' title='bbox 1344 3629 1500 3696; x_wconf 83' lang='lat' dir='ltr'>sllooetis</span> 
     </span>
     <span class='ocr_line' id='line_1_28' title="bbox 447 3731 1503 3820; baseline 0.002 -22"><span class='ocrx_word' id='word_1_226' title='bbox 447 3739 464 3770; x_wconf 92' lang='lat'>“</span> <span class='ocrx_word' id='word_1_227' title='bbox 487 3733 583 3800; x_wconf 86' lang='lat' dir='ltr'>Teste</span> <span class='ocrx_word' id='word_1_228' title='bbox 605 3731 738 3820; x_wconf 90' lang='lat' dir='ltr'>meipso,</span> <span class='ocrx_word' id='word_1_229' title='bbox 754 3731 843 3819; x_wconf 83' lang='lat' dir='ltr'>opud</span> <span class='ocrx_word' id='word_1_230' title='bbox 859 3731 1049 3812; x_wconf 71' lang='lat' dir='ltr'>Dormitum,</span> <span class='ocrx_word' id='word_1_231' title='bbox 1071 3731 1147 3797; x_wconf 84' lang='lat' dir='ltr'>xxii</span> <span class='ocrx_word' id='word_1_232' title='bbox 1161 3732 1216 3798; x_wconf 91' lang='lat' dir='ltr'>die</span> <span class='ocrx_word' id='word_1_233' title='bbox 1230 3731 1392 3814; x_wconf 85' lang='lat' dir='ltr'>Octobris,</span> <span class='ocrx_word' id='word_1_234' title='bbox 1416 3755 1503 3800; x_wconf 82' lang='lat' dir='ltr'>enno</span> 
     </span>
     <span class='ocr_line' id='line_1_29' title="bbox 449 3837 858 3928; baseline 0 -24"><span class='ocrx_word' id='word_1_235' title='bbox 449 3845 469 3878; x_wconf 91' lang='lat'><strong>“</strong></span> <span class='ocrx_word' id='word_1_236' title='bbox 490 3841 585 3928; x_wconf 88' lang='lat' dir='ltr'>regni</span> <span class='ocrx_word' id='word_1_237' title='bbox 606 3837 712 3905; x_wconf 87' lang='lat' dir='ltr'>nostri</span> <span class='ocrx_word' id='word_1_238' title='bbox 736 3837 858 3904; x_wconf 87' lang='lat' dir='ltr'>sexto.&#39;’</span> 
     </span>
    </p>
   </div>
   <div class='ocr_carea' id='block_1_3' title="bbox 882 4081 1070 4149">
    <p class='ocr_par' dir='ltr' id='par_1_4' title="bbox 882 4081 1070 4149">
     <span class='ocr_line' id='line_1_30' title="bbox 882 4081 1070 4149; baseline 0.005 -2"><span class='ocrx_word' id='word_1_239' title='bbox 882 4081 1070 4149; x_wconf 72' lang='lat' dir='ltr'>Processus.</span> 
     </span>
    </p>
   </div>
   <div class='ocr_carea' id='block_1_4' title="bbox 279 4243 1508 4852">
    <p class='ocr_par' dir='ltr' id='par_1_5' title="bbox 280 4243 1505 4333">
     <span class='ocr_line' id='line_1_31' title="bbox 280 4243 1505 4333; baseline -0.004 -16"><span class='ocrx_word' id='word_1_240' title='bbox 280 4279 374 4326; x_wconf 61' lang='lat' dir='ltr'>pm.</span> <span class='ocrx_word' id='word_1_241' title='bbox 494 4249 667 4316; x_wconf 81' lang='lat' dir='ltr'>Praetextu</span> <span class='ocrx_word' id='word_1_242' title='bbox 689 4243 782 4333; x_wconf 88' lang='lat' dir='ltr'>cujus</span> <span class='ocrx_word' id='word_1_243' title='bbox 804 4243 925 4324; x_wconf 88' lang='lat' dir='ltr'>brevis,</span> <span class='ocrx_word' id='word_1_244' title='bbox 947 4245 1180 4310; x_wconf 79' lang='lat' dir='ltr'>concordatum</span> <span class='ocrx_word' id='word_1_245' title='bbox 1205 4249 1257 4311; x_wconf 88' lang='lat' dir='ltr'>est</span> <span class='ocrx_word' id='word_1_246' title='bbox 1284 4244 1374 4331; x_wconf 91' lang='lat' dir='ltr'>quod</span> <span class='ocrx_word' id='word_1_247' title='bbox 1395 4243 1505 4332; x_wconf 86' lang='lat' dir='ltr'>inqui-</span> 
     </span>
    </p>

    <p class='ocr_par' dir='ltr' id='par_1_6' title="bbox 279 4331 1508 4852">
     <span class='ocr_line' id='line_1_32' title="bbox 279 4331 1507 4434; baseline -0.006 -13"><span class='ocrx_word' id='word_1_248' title='bbox 279 4331 415 4388; x_wconf 62' lang='lat' dir='ltr'>umam</span> <span class='ocrx_word' id='word_1_249' title='bbox 448 4357 551 4432; x_wconf 74' lang='lat' dir='ltr'>ratur,</span> <span class='ocrx_word' id='word_1_250' title='bbox 578 4349 609 4416; x_wconf 86' lang='lat' dir='ltr'>si</span> <span class='ocrx_word' id='word_1_251' title='bbox 637 4348 723 4415; x_wconf 86' lang='lat' dir='ltr'>illud</span> <span class='ocrx_word' id='word_1_252' title='bbox 744 4347 960 4433; x_wconf 76' lang='lat' dir='ltr'>mesuagium,</span> <span class='ocrx_word' id='word_1_253' title='bbox 985 4347 1073 4434; x_wconf 89' lang='lat' dir='ltr'>quod</span> <span class='ocrx_word' id='word_1_254' title='bbox 1103 4346 1214 4413; x_wconf 84' lang='lat' dir='ltr'>dictus</span> <span class='ocrx_word' id='word_1_255' title='bbox 1244 4347 1319 4414; x_wconf 82' lang='lat' dir='ltr'>Rex</span> <span class='ocrx_word' id='word_1_256' title='bbox 1342 4345 1507 4414; x_wconf 89' lang='lat' dir='ltr'>Henrious</span> 
     </span>
     <span class='ocr_line' id='line_1_33' title="bbox 448 4448 1507 4538; baseline -0.006 -16"><span class='ocrx_word' id='word_1_257' title='bbox 448 4455 541 4522; x_wconf 89' lang='lat' dir='ltr'>dedit</span> <span class='ocrx_word' id='word_1_258' title='bbox 562 4455 651 4520; x_wconf 86' lang='lat' dir='ltr'>dioto</span> <span class='ocrx_word' id='word_1_259' title='bbox 665 4451 812 4518; x_wconf 84' lang='lat' dir='ltr'>Mortino</span> <span class='ocrx_word' id='word_1_260' title='bbox 829 4448 1004 4530; x_wconf 85' lang='lat' dir='ltr'>Schenobe‚</span> <span class='ocrx_word' id='word_1_261' title='bbox 1021 4451 1066 4516; x_wconf 91' lang='lat' dir='ltr'>sit</span> <span class='ocrx_word' id='word_1_262' title='bbox 1087 4449 1171 4515; x_wconf 88' lang='lat' dir='ltr'>iliud</span> <span class='ocrx_word' id='word_1_263' title='bbox 1192 4450 1280 4515; x_wconf 91' lang='lat' dir='ltr'>idem</span> <span class='ocrx_word' id='word_1_264' title='bbox 1303 4451 1507 4538; x_wconf 82' lang='lat' dir='ltr'>mesuagium</span> 
     </span>
     <span class='ocr_line' id='line_1_34' title="bbox 449 4551 1505 4647; baseline -0.006 -23"><span class='ocrx_word' id='word_1_265' title='bbox 449 4558 539 4647; x_wconf 90' lang='lat' dir='ltr'>quod</span> <span class='ocrx_word' id='word_1_266' title='bbox 554 4557 621 4622; x_wconf 89' lang='lat' dir='ltr'>Leo</span> <span class='ocrx_word' id='word_1_267' title='bbox 636 4554 660 4621; x_wconf 87' lang='lat' dir='ltr'><strong>J</strong></span> <span class='ocrx_word' id='word_1_268' title='bbox 660 4555 776 4623; x_wconf 83' lang='lat' dir='ltr'>udaeus</span> <span class='ocrx_word' id='word_1_269' title='bbox 791 4551 910 4631; x_wconf 87' lang='lat' dir='ltr'>tenuit,</span> <span class='ocrx_word' id='word_1_270' title='bbox 934 4557 969 4618; x_wconf 87' lang='lat' dir='ltr'>et</span> <span class='ocrx_word' id='word_1_271' title='bbox 992 4553 1080 4638; x_wconf 91' lang='lat' dir='ltr'>quod</span> <span class='ocrx_word' id='word_1_272' title='bbox 1095 4553 1162 4618; x_wconf 82' lang='lat' dir='ltr'>fuit</span> <span class='ocrx_word' id='word_1_273' title='bbox 1178 4553 1319 4618; x_wconf 76' lang='lat' dir='ltr'>Martini</span> <span class='ocrx_word' id='word_1_274' title='bbox 1342 4553 1383 4619; x_wconf 90' lang='lat' dir='ltr'>de</span> <span class='ocrx_word' id='word_1_275' title='bbox 1399 4552 1505 4641; x_wconf 89' lang='lat' dir='ltr'>Virly,</span> 
     </span>
     <span class='ocr_line' id='line_1_35' title="bbox 450 4655 1508 4744; baseline -0.004 -18"><span class='ocrx_word' id='word_1_276' title='bbox 450 4660 645 4736; x_wconf 86' lang='lat' dir='ltr'>Normonni,</span> <span class='ocrx_word' id='word_1_277' title='bbox 681 4664 716 4725; x_wconf 88' lang='lat' dir='ltr'>et</span> <span class='ocrx_word' id='word_1_278' title='bbox 749 4659 792 4726; x_wconf 85' lang='lat' dir='ltr'>de</span> <span class='ocrx_word' id='word_1_279' title='bbox 823 4678 889 4744; x_wconf 89' lang='lat' dir='ltr'>quo</span> <span class='ocrx_word' id='word_1_280' title='bbox 924 4657 1023 4721; x_wconf 82' lang='lat' dir='ltr'>dictae</span> <span class='ocrx_word' id='word_1_281' title='bbox 1056 4655 1201 4743; x_wconf 91' lang='lat' dir='ltr'>quinque</span> <span class='ocrx_word' id='word_1_282' title='bbox 1238 4677 1357 4722; x_wconf 82' lang='lat' dir='ltr'>morose</span> <span class='ocrx_word' id='word_1_283' title='bbox 1388 4677 1508 4723; x_wconf 80' lang='lat' dir='ltr'>annuos</span> 
     </span>
     <span class='ocr_line' id='line_1_36' title="bbox 451 4763 640 4852; baseline -0.021 -22"><span class='ocrx_word' id='word_1_284' title='bbox 451 4763 640 4852; x_wconf 83' lang='lat' dir='ltr'>exiguntur.</span> 
     </span>
    </p>
   </div>
   <div class='ocr_carea' id='block_1_5' title="bbox 0 0 1848 5816">
    <p class='ocr_par' dir='ltr' id='par_1_7' title="bbox 0 0 1848 5816">
     <span class='ocr_line' id='line_1_37' title="bbox 0 0 1848 5816; baseline 0 0"><span class='ocrx_word' id='word_1_285' title='bbox 0 0 1848 5816; x_wconf 95' lang='lat' dir='ltr'> </span> 
     </span>
    </p>
   </div>
  </div>
 </body>
</html>
