3624 5824
457 808 520 871 152
789 819 892 870 uana
913 817 1156 872 coaruuanuu
1306 806 1365 894 [34
1381 822 1466 872 rnw.
1482 823 1505 873 1.

458 1012 477 1044 “
499 1005 587 1070 inira
608 1004 767 1070 ballivam
789 1010 944 1085 vestram,
960 1026 999 1070 ac
1020 1005 1129 1086 etiam¹
1143 1005 1181 1070 in
1200 1004 1337 1072 diversis
1360 1005 1508 1072 Gemite·

458 1108 590 1174 “tibus
612 1106 707 1194 regni
735 1105 851 1187 nostri,
875 1105 1144 1194 depraedationes,
1168 1106 1354 1189 homicidia,
1384 1113 1420 1174 et
1442 1107 1508 1173 alia

459 1219 478 1247 “
500 1209 656 1289 enormia,
680 1213 777 1276 nocte
799 1209 929 1296 dieque,
951 1209 1036 1276 clam
1059 1215 1094 1277 et
1116 1210 1236 1298 palam,
1258 1215 1374 1276 contra
1392 1233 1505 1298 pacem

457 1319 476 1350 “
498 1316 648 1379 nostram
678 1314 919 1398 perpetrantes,
952 1316 1129 1398 vagantur,
1162 1311 1359 1392 discurrunt,
1400 1333 1509 1400 recep-

458 1422 475 1451 “
497 1419 622 1496 tantur,
645 1417 912 1494 manuteneatur,
928 1417 963 1480 et
985 1435 1111 1480 moram
1126 1412 1255 1480 faciunt
1277 1413 1507 1496 manifestam

457 1525 476 1554 “
499 1537 580 1605 quos
603 1514 833 1593 malefactores,
857 1520 1087 1603 receptatores,
1111 1521 1371 1598 manutenturos,
1401 1521 1436 1582 et
1462 1515 1508 1582 eis

457 1624 476 1655 “
498 1617 749 1695 consentientes,
781 1637 851 1695 vos,
885 1617 944 1703 qui
975 1637 1089 1704 paoem
1122 1621 1272 1683 nostram
1302 1617 1339 1683 in
1370 1618 1507 1684 civitate

457 1728 475 1756 “
498 1723 620 1798 nostre,
645 1723 680 1784 et
712 1717 793 1783 alibi
824 1717 911 1784 infra
944 1719 1102 1784 ballivum
1139 1725 1294 1799 vestram,
1323 1719 1508 1806 specialiter

457 1829 691 1888 “conservare
721 1819 891 1902 tenemini,
922 1821 951 1885 si
980 1842 1039 1907 pro
1066 1843 1106 1888 ea
1131 1821 1256 1887 ibidem
1285 1821 1509 1888 conservanda

458 1930 476 1960 “
500 1923 708 2010 diligentiam
723 1943 886 2009 apponere
909 1923 1114 2001 curaremini,
1130 1926 1171 1987 ut
1188 1923 1359 2002 deberetis,
1384 1923 1510 1989 desieut

459 2031 477 2062 “
499 2047 592 2112 posse
614 2023 760 2091 civitatis
782 2023 949 2110 praediotae
971 2024 1007 2090 in
1036 2023 1297 2111 quibuscumque
1319 2023 1509 2112 hujusmodi

458 2133 477 2164 “
499 2126 748 2194 necessitatibus
770 2125 813 2190 ad
836 2130 980 2191 vestram
1001 2125 1291 2192 summonitionem
1317 2132 1352 2192 et
1379 2127 1509 2193 distrio-

459 2239 478 2267 ⁴‘
500 2231 626 2296 tionem
649 2233 699 2295 est
721 2227 898 2314 objectum,
920 2247 1033 2314 capere
1048 2227 1187 2314 possetis
1208 2233 1243 2292 et
1265 2233 1408 2294 arestare
1420 2252 1429 2308 3
1451 2250 1510 2315 per

459 2339 477 2370 “
500 2333 587 2419 quod
620 2331 715 2397 vobis
755 2328 958 2417 injungendo
998 2328 1215 2416 praecipirnus,
1249 2351 1317 2394 non
1350 2335 1401 2396 est
1440 2329 1508 2408 diu,

460 2439 479 2472 “
501 2434 591 2521 quod
613 2433 787 2500 Stetutum
809 2431 894 2496 illud
909 2431 945 2496 in
970 2431 1067 2518 pleno
1091 2429 1266 2518 Hastengo
1288 2435 1402 2496 nostro
1423 2429 1509 2497 Lon·

459 2542 479 2572 “
502 2534 621 2613 doniis,
635 2539 671 2598 et
693 2533 768 2598 aliis
790 2531 870 2598 locis
892 2532 930 2596 in
952 2533 1042 2598 diota
1064 2531 1209 2611 civitate,
1226 2537 1260 2598 et
1281 2533 1340 2599 ubi
1356 2533 1511 2620 expedire

459 2645 478 2672 ‘⁴
501 2634 666 2714 videretis,
687 2633 817 2720 publice
838 2632 972 2698 recitari
993 2633 1152 2715 faceretis,
1168 2637 1204 2700 et
1226 2635 1262 2698 in
1283 2634 1422 2722 singulis
1443 2635 1512 2700 suis

461 2743 479 2774 “
502 2735 650 2802 articulis
672 2733 787 2800 teneri.
832 2733 985 2820 ‚Cumque
1013 2757 1082 2800 non
1113 2735 1158 2801 sit
1181 2733 1277 2802 nobis
1305 2736 1511 2825 incognitum

461 2845 479 2877 “
502 2839 590 2926 quod
623 2837 828 2924 singulorum
860 2835 997 2902 auribus
1022 2835 1215 2915 inculcatur,
1247 2839 1407 2918 videlicet,
1432 2861 1512 2926 qua-

460 2940 579 3006 “liter
608 2938 730 3006 diversi
759 2938 930 3026 praedones
959 2943 994 3004 et
1023 2938 1156 3019 telones,
1179 2961 1287 3004 coram
1309 2940 1511 3008 Justiciariis

462 3050 481 3082 “
505 3042 627 3108 nostris
658 3041 701 3107 ad
722 3040 865 3121 salonius,
901 3039 965 3128 [et]
1000 3039 1274 3128 transgressiones
1307 3043 1344 3107 in
1374 3043 1513 3110 diversis

462 3151 481 3182 “
505 3143 727 3211 Comitatibus
769 3142 864 3230 regni
910 3143 1024 3221 nostri,
1059 3147 1176 3209 contra
1204 3163 1320 3230 pacem
1363 3149 1510 3212 nostram

463 3253 480 3284 “
503 3246 615 3326 factas,
645 3244 826 3310 audiendas
855 3248 890 3310 et
920 3242 1146 3310 terminandae
1177 3245 1362 3332 assignatis,
1389 3267 1424 3312 se
1441 3245 1511 3332 jus·

464 3359 482 3386 “
506 3349 615 3416 ticiari
636 3369 704 3413 non
724 3347 947 3434 permittunt3
970 3346 1028 3412 sed
1042 3367 1117 3411 cum
1139 3347 1177 3410 in
1194 3347 1365 3434 exigendis
1387 3369 1513 3435 ponan-

464 3461 483 3492 “
505 3459 571 3533 tur,
595 3450 639 3516 ad
669 3450 815 3516 diversos
839 3448 1028 3515 Comitatus
1050 3470 1084 3514 se
1111 3449 1323 3528 transferunt,
1347 3451 1442 3516 etin
1466 3451 1513 3517 eis

465 3555 645 3621 “latitant
670 3557 704 3617 et
726 3557 920 3633 morantur;
951 3555 986 3616 et
1008 3551 1060 3616 ita
1082 3550 1175 3637 quod
1198 3551 1241 3617 de
1264 3551 1311 3617 eis
1338 3551 1514 3618 manifesta

464 3661 483 3694 “
505 3655 646 3744 suspicio
661 3653 790 3719 feloniae
811 3657 871 3719 aut
886 3651 1050 3739 mali,'per
1065 3671 1179 3717 eorum
1201 3655 1377 3718 extraneos
1391 3655 1514 3720 adven·

463 3765 483 3796 “
506 3763 572 3838 tus,
595 3755 768 3840 variosque
790 3753 936 3820 incessus
972 3758 1160 3834 nocturnos,
1181 3757 1217 3819 et
1239 3752 1435 3841 quandoque
1457 3777 1516 3843 per

464 3866 484 3898 “
506 3881 619 3926 eorum
634 3857 848 3944 voluptuosas
863 3875 1030 3943 expensas,
1046 3855 1161 3922 haberi
1175 3860 1286 3942 potest
1301 3860 1335 3920 et
1352 3855 1516 3937 habetur3

466 3961 647 4046 “licetque
677 3959 713 4023 in
736 3957 873 4024 statuto
907 3960 1029 4034 nostre,
1063 3956 1152 4044 apud
1183 3955 1515 4025 westmonasterium

465 4069 483 4101 “
506 4063 604 4143 edito,
615 4059 822 4126 contineatur
831 4059 920 4145 quod
931 4057 1041 4123 nullus
1053 4059 1203 4145 capiatur
1214 4062 1273 4124 aut
1282 4058 1515 4146 inprisonatur,
1600 4103 1605 4110 ·

464 4171 483 4204 “
505 4163 671 4250 nisiprius
685 4182 743 4247 per
757 4164 998 4226 sacramentum
1013 4160 1183 4226 duodecim
1205 4160 1230 4225 J
1231 4165 1401 4226 uratorum
1416 4162 1518 4228 fuerit

463 4274 483 4304 “
505 4265 694 4340 indictatus
705 4267 739 4328 et
750 4283 863 4327 eorum
872 4262 1146 4328 indictamentum
1157 4284 1217 4350 per
1225 4263 1334 4350 sigilla
1343 4284 1403 4328 sua
1416 4262 1518 4330 fuerit

464 4375 484 4406 “
506 4367 719 4434 testificatum
727 4363 876 4445 ;-vobis
890 4363 1105 4429 nihilominus
1119 4365 1336 4452 praecipimus,
1348 4364 1437 4451 quod
1448 4387 1517 4430 om-

465 4477 484 4507 “
506 4491 565 4536 nes
596 4469 688 4546 tales,
713 4467 753 4532 de
787 4464 906 4552 quibus
929 4464 1104 4531 manifesta
1134 4467 1275 4552 suspicio
1304 4466 1436 4533 feloniae
1459 4473 1520 4534 aut

466 4569 674 4637 “latrocinii
697 4567 881 4645 haberetur,
905 4587 986 4653 quos
1009 4566 1045 4632 in
1069 4567 1160 4633 dicta
1182 4567 1327 4648 civitate,
1352 4573 1413 4634 aut
1435 4569 1517 4635 alibi

464 4681 483 4712 “
505 4673 541 4737 in
570 4670 728 4738 ballivum
753 4674 906 4748 vestram,
934 4667 1077 4735 inveniri
1111 4668 1296 4757 contigerit,
1325 4691 1517 4758 quanquam
