<?xml version="1.0" encoding="UTF-8"?>
<!DOCTYPE html PUBLIC "-//W3C//DTD XHTML 1.0 Transitional//EN"
    "http://www.w3.org/TR/xhtml1/DTD/xhtml1-transitional.dtd">
<html xmlns="http://www.w3.org/1999/xhtml" xml:lang="en" lang="en">
 <head>
  <title>
</title>
<meta http-equiv="Content-Type" content="text/html;charset=utf-8" />
  <meta name='ocr-system' content='tesseract 3.04.00' />
  <meta name='ocr-capabilities' content='ocr_page ocr_carea ocr_par ocr_line ocrx_word'/>
</head>
<body>
  <div class='ocr_page' id='page_1' title='image "./munimentagildha05librgoog_0314.png"; bbox 0 0 3624 5824; ppageno 0'>
   <div class='ocr_carea' id='block_1_1' title="bbox 465 877 1538 964">
    <p class='ocr_par' dir='ltr' id='par_1_1' title="bbox 465 877 1538 964">
     <span class='ocr_line' id='line_1_1' title="bbox 465 877 1538 964; baseline 0.005 -21"><span class='ocrx_word' id='word_1_1' title='bbox 465 879 528 943; x_wconf 76' lang='lat'>154</span> <span class='ocrx_word' id='word_1_2' title='bbox 808 891 911 941; x_wconf 83' lang='lat' dir='ltr'>mann</span> <span class='ocrx_word' id='word_1_3' title='bbox 933 889 1175 943; x_wconf 69' lang='lat' dir='ltr'>conuulsum</span> <span class='ocrx_word' id='word_1_4' title='bbox 1324 877 1382 964; x_wconf 72' lang='lat'>[34</span> <span class='ocrx_word' id='word_1_5' title='bbox 1395 893 1478 945; x_wconf 83' lang='lat' dir='ltr'>anu.</span> <span class='ocrx_word' id='word_1_6' title='bbox 1492 896 1538 956; x_wconf 73' lang='lat'>1..</span> 
     </span>
    </p>
   </div>
   <div class='ocr_carea' id='block_1_2' title="bbox 444 1067 1546 3720">
    <p class='ocr_par' dir='ltr' id='par_1_2' title="bbox 444 1067 1546 3720">
     <span class='ocr_line' id='line_1_2' title="bbox 462 1067 1513 1165; baseline 0 -21"><span class='ocrx_word' id='word_1_7' title='bbox 462 1067 482 1122; x_wconf 59' lang='lat'>‘³</span> <span class='ocrx_word' id='word_1_8' title='bbox 505 1079 547 1144; x_wconf 89' lang='lat' dir='ltr'>de</span> <span class='ocrx_word' id='word_1_9' title='bbox 577 1082 688 1144; x_wconf 85' lang='lat' dir='ltr'>vestra</span> <span class='ocrx_word' id='word_1_10' title='bbox 715 1075 892 1164; x_wconf 73' lang='lat' dir='ltr'>diligentia</span> <span class='ocrx_word' id='word_1_11' title='bbox 913 1097 971 1142; x_wconf 89' lang='lat' dir='ltr'>seu</span> <span class='ocrx_word' id='word_1_12' title='bbox 993 1075 1214 1142; x_wconf 88' lang='lat' dir='ltr'>sollicitudine</span> <span class='ocrx_word' id='word_1_13' title='bbox 1235 1097 1318 1163; x_wconf 87' lang='lat' dir='ltr'>quas</span> <span class='ocrx_word' id='word_1_14' title='bbox 1350 1097 1513 1165; x_wconf 87' lang='lat' dir='ltr'>apponere</span> 
     </span>
     <span class='ocr_line' id='line_1_3' title="bbox 462 1179 1513 1266; baseline 0 -20"><span class='ocrx_word' id='word_1_15' title='bbox 462 1180 667 1246; x_wconf 87' lang='lat' dir='ltr'>“deberetis</span> <span class='ocrx_word' id='word_1_16' title='bbox 703 1179 788 1245; x_wconf 88' lang='lat' dir='ltr'>circa</span> <span class='ocrx_word' id='word_1_17' title='bbox 824 1179 993 1266; x_wconf 87' lang='lat' dir='ltr'>praemissa</span> <span class='ocrx_word' id='word_1_18' title='bbox 1027 1179 1225 1266; x_wconf 78' lang='lat' dir='ltr'>exequenda,</span> <span class='ocrx_word' id='word_1_19' title='bbox 1266 1185 1341 1266; x_wconf 92' lang='lat' dir='ltr'>post</span> <span class='ocrx_word' id='word_1_20' title='bbox 1386 1179 1513 1247; x_wconf 89' lang='lat' dir='ltr'>dictum</span> 
     </span>
     <span class='ocr_line' id='line_1_4' title="bbox 464 1281 1513 1370; baseline 0 -22"><span class='ocrx_word' id='word_1_21' title='bbox 464 1289 481 1321; x_wconf 89' lang='lat'><strong><em>“</em></strong></span> <span class='ocrx_word' id='word_1_22' title='bbox 504 1283 697 1348; x_wconf 82' lang='lat' dir='ltr'>mandatum</span> <span class='ocrx_word' id='word_1_23' title='bbox 720 1285 879 1370; x_wconf 69' lang='lat' dir='ltr'>¹nostrum</span> <span class='ocrx_word' id='word_1_24' title='bbox 899 1281 994 1347; x_wconf 86' lang='lat' dir='ltr'>vobis</span> <span class='ocrx_word' id='word_1_25' title='bbox 1017 1281 1188 1362; x_wconf 70' lang='lat' dir='ltr'>directum</span> <span class='ocrx_word' id='word_1_26' title='bbox 1217 1303 1338 1369; x_wconf 88' lang='lat' dir='ltr'>pamm</span> <span class='ocrx_word' id='word_1_27' title='bbox 1352 1283 1407 1347; x_wconf 89' lang='lat' dir='ltr'>vel</span> <span class='ocrx_word' id='word_1_28' title='bbox 1429 1283 1513 1348; x_wconf 90' lang='lat' dir='ltr'>nihil</span> 
     </span>
     <span class='ocr_line' id='line_1_5' title="bbox 464 1382 1512 1471; baseline 0.001 -22"><span class='ocrx_word' id='word_1_29' title='bbox 464 1391 483 1422; x_wconf 90' lang='lat'><strong>“</strong></span> <span class='ocrx_word' id='word_1_30' title='bbox 505 1384 548 1450; x_wconf 88' lang='lat' dir='ltr'>ad</span> <span class='ocrx_word' id='word_1_31' title='bbox 570 1389 718 1449; x_wconf 88' lang='lat' dir='ltr'>nostmm</span> <span class='ocrx_word' id='word_1_32' title='bbox 742 1383 908 1468; x_wconf 90' lang='lat' dir='ltr'>hucusque</span> <span class='ocrx_word' id='word_1_33' title='bbox 930 1383 1083 1471; x_wconf 82' lang='lat' dir='ltr'>pervenit</span> <span class='ocrx_word' id='word_1_34' title='bbox 1105 1382 1265 1460; x_wconf 89' lang='lat' dir='ltr'>auditum,</span> <span class='ocrx_word' id='word_1_35' title='bbox 1298 1382 1339 1448; x_wconf 93' lang='lat' dir='ltr'>de</span> <span class='ocrx_word' id='word_1_36' title='bbox 1362 1405 1426 1469; x_wconf 92' lang='lat' dir='ltr'>quo</span> <span class='ocrx_word' id='word_1_37' title='bbox 1452 1387 1512 1450; x_wconf 92' lang='lat' dir='ltr'>mi-</span> 
     </span>
     <span class='ocr_line' id='line_1_6' title="bbox 464 1486 1512 1573; baseline 0 -21"><span class='ocrx_word' id='word_1_38' title='bbox 464 1495 616 1554; x_wconf 88' lang='lat' dir='ltr'>“ramur</span> <span class='ocrx_word' id='word_1_39' title='bbox 641 1509 741 1573; x_wconf 90' lang='lat' dir='ltr'>quam</span> <span class='ocrx_word' id='word_1_40' title='bbox 764 1486 951 1573; x_wconf 90' lang='lat' dir='ltr'>plurimum,</span> <span class='ocrx_word' id='word_1_41' title='bbox 969 1491 1004 1552; x_wconf 90' lang='lat' dir='ltr'>et</span> <span class='ocrx_word' id='word_1_42' title='bbox 1029 1507 1201 1552; x_wconf 86' lang='lat' dir='ltr'>movemur</span> <span class='ocrx_word' id='word_1_43' title='bbox 1216 1487 1377 1568; x_wconf 82' lang='lat' dir='ltr'>maxime3</span> <span class='ocrx_word' id='word_1_44' title='bbox 1400 1493 1512 1554; x_wconf 90' lang='lat' dir='ltr'>tamen</span> 
     </span>
     <span class='ocr_line' id='line_1_7' title="bbox 464 1589 1512 1676; baseline -0.001 -19"><span class='ocrx_word' id='word_1_45' title='bbox 464 1598 482 1628; x_wconf 80' lang='lat'>‘¹</span> <span class='ocrx_word' id='word_1_46' title='bbox 504 1597 619 1658; x_wconf 88' lang='lat' dir='ltr'>contra</span> <span class='ocrx_word' id='word_1_47' title='bbox 641 1589 837 1655; x_wconf 87' lang='lat' dir='ltr'>fidelitatem</span> <span class='ocrx_word' id='word_1_48' title='bbox 852 1593 887 1655; x_wconf 90' lang='lat' dir='ltr'>et</span> <span class='ocrx_word' id='word_1_49' title='bbox 896 1589 1124 1675; x_wconf 83' lang='lat' dir='ltr'>juramentum</span> <span class='ocrx_word' id='word_1_50' title='bbox 1139 1593 1297 1670; x_wconf 87' lang='lat' dir='ltr'>vestrum,</span> <span class='ocrx_word' id='word_1_51' title='bbox 1313 1589 1409 1655; x_wconf 90' lang='lat' dir='ltr'>nobis</span> <span class='ocrx_word' id='word_1_52' title='bbox 1430 1611 1512 1676; x_wconf 88' lang='lat' dir='ltr'>prae-</span> 
     </span>
     <span class='ocr_line' id='line_1_8' title="bbox 463 1691 1512 1780; baseline 0 -22"><span class='ocrx_word' id='word_1_53' title='bbox 463 1699 482 1730; x_wconf 87' lang='lat'><strong>“</strong></span> <span class='ocrx_word' id='word_1_54' title='bbox 504 1694 592 1770; x_wconf 80' lang='lat' dir='ltr'>etita,</span> <span class='ocrx_word' id='word_1_55' title='bbox 622 1691 795 1757; x_wconf 84' lang='lat' dir='ltr'>manifeste</span> <span class='ocrx_word' id='word_1_56' title='bbox 833 1711 902 1756; x_wconf 89' lang='lat' dir='ltr'>esse</span> <span class='ocrx_word' id='word_1_57' title='bbox 940 1691 1138 1768; x_wconf 76' lang='lat' dir='ltr'><strong>dinoscatur,</strong></span> <span class='ocrx_word' id='word_1_58' title='bbox 1178 1711 1238 1756; x_wconf 89' lang='lat' dir='ltr'>vos</span> <span class='ocrx_word' id='word_1_59' title='bbox 1275 1712 1315 1756; x_wconf 90' lang='lat' dir='ltr'>ea</span> <span class='ocrx_word' id='word_1_60' title='bbox 1348 1713 1423 1778; x_wconf 82' lang='lat' dir='ltr'>quae</span> <span class='ocrx_word' id='word_1_61' title='bbox 1452 1714 1512 1780; x_wconf 91' lang='lat' dir='ltr'>pro</span> 
     </span>
     <span class='ocr_line' id='line_1_9' title="bbox 463 1791 1512 1879; baseline 0 -20"><span class='ocrx_word' id='word_1_62' title='bbox 463 1801 481 1832; x_wconf 93' lang='lat'><strong>“</strong></span> <span class='ocrx_word' id='word_1_63' title='bbox 504 1793 752 1859; x_wconf 69' lang='lat' dir='ltr'>conservatione</span> <span class='ocrx_word' id='word_1_64' title='bbox 783 1792 873 1879; x_wconf 90' lang='lat' dir='ltr'>pacis</span> <span class='ocrx_word' id='word_1_65' title='bbox 903 1795 1026 1858; x_wconf 78' lang='lat' dir='ltr'>nostra</span> <span class='ocrx_word' id='word_1_66' title='bbox 1048 1813 1107 1878; x_wconf 89' lang='lat' dir='ltr'>per</span> <span class='ocrx_word' id='word_1_67' title='bbox 1136 1813 1196 1856; x_wconf 86' lang='lat' dir='ltr'>vos</span> <span class='ocrx_word' id='word_1_68' title='bbox 1233 1791 1305 1857; x_wconf 87' lang='lat' dir='ltr'>fieri</span> <span class='ocrx_word' id='word_1_69' title='bbox 1337 1796 1372 1858; x_wconf 89' lang='lat' dir='ltr'>et</span> <span class='ocrx_word' id='word_1_70' title='bbox 1404 1793 1512 1859; x_wconf 87' lang='lat' dir='ltr'>obser-</span> 
     </span>
     <span class='ocr_line' id='line_1_10' title="bbox 463 1892 1510 1982; baseline -0.001 -21"><span class='ocrx_word' id='word_1_71' title='bbox 463 1903 481 1934; x_wconf 90' lang='lat'><strong>“</strong></span> <span class='ocrx_word' id='word_1_72' title='bbox 504 1896 577 1960; x_wconf 87' lang='lat' dir='ltr'>vari</span> <span class='ocrx_word' id='word_1_73' title='bbox 591 1893 812 1982; x_wconf 74' lang='lat' dir='ltr'>praecepimus,</span> <span class='ocrx_word' id='word_1_74' title='bbox 837 1899 871 1958; x_wconf 93' lang='lat' dir='ltr'>et</span> <span class='ocrx_word' id='word_1_75' title='bbox 890 1913 965 1979; x_wconf 84' lang='lat' dir='ltr'>quae</span> <span class='ocrx_word' id='word_1_76' title='bbox 988 1897 1068 1958; x_wconf 88' lang='lat' dir='ltr'>sunt</span> <span class='ocrx_word' id='word_1_77' title='bbox 1089 1892 1185 1958; x_wconf 89' lang='lat' dir='ltr'>nobis</span> <span class='ocrx_word' id='word_1_78' title='bbox 1208 1892 1388 1980; x_wconf 88' lang='lat' dir='ltr'>plurimum</span> <span class='ocrx_word' id='word_1_79' title='bbox 1411 1895 1510 1974; x_wconf 75' lang='lat' dir='ltr'>cordi</span> 
     </span>
     <span class='ocr_line' id='line_1_11' title="bbox 463 1994 1511 2081; baseline -0.001 -18"><span class='ocrx_word' id='word_1_80' title='bbox 463 2003 481 2034; x_wconf 84' lang='lat'>‘⁴</span> <span class='ocrx_word' id='word_1_81' title='bbox 505 1997 566 2063; x_wconf 85' lang='lat' dir='ltr'>sub</span> <span class='ocrx_word' id='word_1_82' title='bbox 576 1996 839 2061; x_wconf 75' lang='lat' dir='ltr'>dissimulatione</span> <span class='ocrx_word' id='word_1_83' title='bbox 850 1994 1039 2081; x_wconf 88' lang='lat' dir='ltr'>aliqualiter</span> <span class='ocrx_word' id='word_1_84' title='bbox 1052 1995 1250 2081; x_wconf 83' lang='lat' dir='ltr'>pertransire</span> <span class='ocrx_word' id='word_1_85' title='bbox 1263 2021 1271 2076; x_wconf 91' lang='lat'>;</span> <span class='ocrx_word' id='word_1_86' title='bbox 1286 1997 1381 2062; x_wconf 89' lang='lat' dir='ltr'>vobis</span> <span class='ocrx_word' id='word_1_87' title='bbox 1391 1996 1511 2062; x_wconf 87' lang='lat' dir='ltr'>iterato</span> 
     </span>
     <span class='ocr_line' id='line_1_12' title="bbox 463 2093 1546 2186; baseline 0.003 -23"><span class='ocrx_word' id='word_1_88' title='bbox 463 2106 483 2136; x_wconf 89' lang='lat'><strong>“</strong></span> <span class='ocrx_word' id='word_1_89' title='bbox 503 2098 719 2186; x_wconf 82' lang='lat' dir='ltr'>praecipimus,</span> <span class='ocrx_word' id='word_1_90' title='bbox 751 2097 891 2163; x_wconf 88' lang='lat' dir='ltr'>firmiter</span> <span class='ocrx_word' id='word_1_91' title='bbox 927 2097 1146 2183; x_wconf 86' lang='lat' dir='ltr'>injungentes,</span> <span class='ocrx_word' id='word_1_92' title='bbox 1178 2097 1267 2183; x_wconf 90' lang='lat' dir='ltr'>quod</span> <span class='ocrx_word' id='word_1_93' title='bbox 1309 2100 1393 2165; x_wconf 88' lang='lat' dir='ltr'>circa</span> <span class='ocrx_word' id='word_1_94' title='bbox 1429 2121 1510 2186; x_wconf 79' lang='lat' dir='ltr'>prce-</span> <span class='ocrx_word' id='word_1_95' title='bbox 1539 2093 1546 2098; x_wconf 72' lang='grc'><strong><em>’</em></strong></span> 
     </span>
     <span class='ocr_line' id='line_1_13' title="bbox 464 2199 1512 2288; baseline 0.002 -22"><span class='ocrx_word' id='word_1_96' title='bbox 464 2207 481 2238; x_wconf 85' lang='grc'><strong>“</strong></span> <span class='ocrx_word' id='word_1_97' title='bbox 503 2201 605 2266; x_wconf 86' lang='lat' dir='ltr'>missa</span> <span class='ocrx_word' id='word_1_98' title='bbox 620 2201 730 2266; x_wconf 91' lang='lat' dir='ltr'>omnia</span> <span class='ocrx_word' id='word_1_99' title='bbox 745 2203 781 2266; x_wconf 87' lang='lat' dir='ltr'>et</span> <span class='ocrx_word' id='word_1_100' title='bbox 802 2199 933 2286; x_wconf 87' lang='lat' dir='ltr'>singula</span> <span class='ocrx_word' id='word_1_101' title='bbox 952 2199 1148 2285; x_wconf 84' lang='lat' dir='ltr'>exequenda</span> <span class='ocrx_word' id='word_1_102' title='bbox 1169 2204 1206 2265; x_wconf 91' lang='lat' dir='ltr'>et</span> <span class='ocrx_word' id='word_1_103' title='bbox 1220 2201 1423 2288; x_wconf 89' lang='lat' dir='ltr'>complenda,</span> <span class='ocrx_word' id='word_1_104' title='bbox 1440 2202 1512 2268; x_wconf 90' lang='lat' dir='ltr'>sine</span> 
     </span>
     <span class='ocr_line' id='line_1_14' title="bbox 463 2301 1513 2390; baseline 0 -20"><span class='ocrx_word' id='word_1_105' title='bbox 463 2312 481 2344; x_wconf 88' lang='lat'><strong>“</strong></span> <span class='ocrx_word' id='word_1_106' title='bbox 504 2303 766 2370; x_wconf 83' lang='lat' dir='ltr'>dissimulatione</span> <span class='ocrx_word' id='word_1_107' title='bbox 796 2301 953 2389; x_wconf 88' lang='lat' dir='ltr'>qualibet,</span> <span class='ocrx_word' id='word_1_108' title='bbox 982 2301 1161 2389; x_wconf 87' lang='lat' dir='ltr'>diligenter</span> <span class='ocrx_word' id='word_1_109' title='bbox 1183 2301 1376 2383; x_wconf 88' lang='lat' dir='ltr'>intendatis,</span> <span class='ocrx_word' id='word_1_110' title='bbox 1411 2304 1513 2390; x_wconf 86' lang='lat' dir='ltr'>juxta</span> 
     </span>
     <span class='ocr_line' id='line_1_15' title="bbox 464 2403 1514 2492; baseline -0.002 -19"><span class='ocrx_word' id='word_1_111' title='bbox 464 2413 482 2444; x_wconf 75' lang='lat'>‘²</span> <span class='ocrx_word' id='word_1_112' title='bbox 503 2411 653 2473; x_wconf 88' lang='lat' dir='ltr'>tenorem</span> <span class='ocrx_word' id='word_1_113' title='bbox 690 2404 840 2470; x_wconf 87' lang='lat' dir='ltr'>mandati</span> <span class='ocrx_word' id='word_1_114' title='bbox 872 2403 978 2469; x_wconf 76' lang='lat' dir='ltr'>nostri</span> <span class='ocrx_word' id='word_1_115' title='bbox 1004 2403 1178 2491; x_wconf 81' lang='lat' dir='ltr'>praedicti3</span> <span class='ocrx_word' id='word_1_116' title='bbox 1216 2409 1251 2470; x_wconf 90' lang='lat' dir='ltr'>ct</span> <span class='ocrx_word' id='word_1_117' title='bbox 1285 2404 1326 2470; x_wconf 89' lang='lat' dir='ltr'>de</span> <span class='ocrx_word' id='word_1_118' title='bbox 1355 2425 1394 2472; x_wconf 90' lang='lat' dir='ltr'>ec</span> <span class='ocrx_word' id='word_1_119' title='bbox 1424 2405 1514 2492; x_wconf 93' lang='lat' dir='ltr'>quod</span> 
     </span>
     <span class='ocr_line' id='line_1_16' title="bbox 460 2505 1513 2593; baseline 0 -19"><span class='ocrx_word' id='word_1_120' title='bbox 460 2514 481 2546; x_wconf 85' lang='lat'>⁴‘</span> <span class='ocrx_word' id='word_1_121' title='bbox 504 2509 590 2574; x_wconf 89' lang='lat' dir='ltr'>circa</span> <span class='ocrx_word' id='word_1_122' title='bbox 612 2508 838 2573; x_wconf 84' lang='lat' dir='ltr'>executionem</span> <span class='ocrx_word' id='word_1_123' title='bbox 872 2506 1018 2593; x_wconf 87' lang='lat' dir='ltr'>ejusdem</span> <span class='ocrx_word' id='word_1_124' title='bbox 1048 2505 1199 2584; x_wconf 84' lang='lat' dir='ltr'>feceritis,</span> <span class='ocrx_word' id='word_1_125' title='bbox 1229 2527 1290 2572; x_wconf 91' lang='lat' dir='ltr'>nos</span> <span class='ocrx_word' id='word_1_126' title='bbox 1320 2507 1358 2571; x_wconf 91' lang='lat' dir='ltr'>in</span> <span class='ocrx_word' id='word_1_127' title='bbox 1380 2507 1513 2574; x_wconf 79' lang='lat' dir='ltr'>Cancel-</span> 
     </span>
     <span class='ocr_line' id='line_1_17' title="bbox 460 2606 1511 2695; baseline 0.001 -21"><span class='ocrx_word' id='word_1_128' title='bbox 460 2611 584 2675; x_wconf 87' lang='lat' dir='ltr'>“laria</span> <span class='ocrx_word' id='word_1_129' title='bbox 606 2613 729 2687; x_wconf 88' lang='lat' dir='ltr'>nostra,</span> <span class='ocrx_word' id='word_1_130' title='bbox 753 2609 790 2672; x_wconf 89' lang='lat' dir='ltr'>in</span> <span class='ocrx_word' id='word_1_131' title='bbox 812 2609 957 2673; x_wconf 86' lang='lat' dir='ltr'>crastino</span> <span class='ocrx_word' id='word_1_132' title='bbox 974 2606 1090 2674; x_wconf 86' lang='lat' dir='ltr'>Sancti</span> <span class='ocrx_word' id='word_1_133' title='bbox 1114 2607 1293 2685; x_wconf 84' lang='lat' dir='ltr'>Michaelis,</span> <span class='ocrx_word' id='word_1_134' title='bbox 1310 2609 1511 2695; x_wconf 88' lang='lat' dir='ltr'>ubicumque</span> 
     </span>
     <span class='ocr_line' id='line_1_18' title="bbox 464 2709 1511 2796; baseline 0.003 -21"><span class='ocrx_word' id='word_1_135' title='bbox 464 2717 482 2748; x_wconf 77' lang='lat'>‘⁴</span> <span class='ocrx_word' id='word_1_136' title='bbox 505 2714 587 2776; x_wconf 89' lang='lat' dir='ltr'>tunc</span> <span class='ocrx_word' id='word_1_137' title='bbox 601 2709 702 2775; x_wconf 86' lang='lat' dir='ltr'>fuerit</span> <span class='ocrx_word' id='word_1_138' title='bbox 723 2710 760 2774; x_wconf 91' lang='lat' dir='ltr'>in</span> <span class='ocrx_word' id='word_1_139' title='bbox 776 2709 909 2796; x_wconf 87' lang='lat' dir='ltr'>Anglia‚</span> <span class='ocrx_word' id='word_1_140' title='bbox 933 2710 995 2775; x_wconf 89' lang='lat' dir='ltr'>sub</span> <span class='ocrx_word' id='word_1_141' title='bbox 1018 2709 1134 2796; x_wconf 85' lang='lat' dir='ltr'>sigillis</span> <span class='ocrx_word' id='word_1_142' title='bbox 1157 2710 1276 2777; x_wconf 85' lang='lat' dir='ltr'>vestris</span> <span class='ocrx_word' id='word_1_143' title='bbox 1298 2710 1454 2777; x_wconf 89' lang='lat' dir='ltr'>distincte</span> <span class='ocrx_word' id='word_1_144' title='bbox 1475 2716 1511 2778; x_wconf 91' lang='lat' dir='ltr'>ct</span> 
     </span>
     <span class='ocr_line' id='line_1_19' title="bbox 463 2815 1514 2903; baseline 0.002 -21"><span class='ocrx_word' id='word_1_145' title='bbox 463 2823 483 2856; x_wconf 91' lang='lat'><strong>“</strong></span> <span class='ocrx_word' id='word_1_146' title='bbox 504 2819 618 2903; x_wconf 84' lang='lat' dir='ltr'>aperte</span> <span class='ocrx_word' id='word_1_147' title='bbox 648 2815 794 2882; x_wconf 88' lang='lat' dir='ltr'>reddatis</span> <span class='ocrx_word' id='word_1_148' title='bbox 825 2815 998 2896; x_wconf 86' lang='lat' dir='ltr'>certiores3</span> <span class='ocrx_word' id='word_1_149' title='bbox 1036 2815 1153 2880; x_wconf 88' lang='lat' dir='ltr'>scituri</span> <span class='ocrx_word' id='word_1_150' title='bbox 1183 2815 1273 2901; x_wconf 91' lang='lat' dir='ltr'>quod</span> <span class='ocrx_word' id='word_1_151' title='bbox 1304 2815 1333 2880; x_wconf 86' lang='lat' dir='ltr'>si</span> <span class='ocrx_word' id='word_1_152' title='bbox 1362 2815 1400 2881; x_wconf 92' lang='lat' dir='ltr'>in</span> <span class='ocrx_word' id='word_1_153' title='bbox 1425 2817 1514 2885; x_wconf 90' lang='lat' dir='ltr'>dicto</span> 
     </span>
     <span class='ocr_line' id='line_1_20' title="bbox 463 2916 1514 3006; baseline -0.001 -21"><span class='ocrx_word' id='word_1_154' title='bbox 463 2919 662 2985; x_wconf 89' lang='lat' dir='ltr'>“mandato</span> <span class='ocrx_word' id='word_1_155' title='bbox 699 2921 813 2984; x_wconf 86' lang='lat' dir='ltr'>nostro</span> <span class='ocrx_word' id='word_1_156' title='bbox 851 2917 1045 3004; x_wconf 84' lang='lat' dir='ltr'>exequendo</span> <span class='ocrx_word' id='word_1_157' title='bbox 1082 2917 1214 2983; x_wconf 87' lang='lat' dir='ltr'>inventi</span> <span class='ocrx_word' id='word_1_158' title='bbox 1251 2916 1383 2985; x_wconf 85' lang='lat' dir='ltr'>fueritis</span> <span class='ocrx_word' id='word_1_159' title='bbox 1412 2920 1514 3006; x_wconf 87' lang='lat' dir='ltr'>negli-</span> 
     </span>
     <span class='ocr_line' id='line_1_21' title="bbox 463 3019 1512 3109; baseline 0 -23"><span class='ocrx_word' id='word_1_160' title='bbox 463 3031 480 3058; x_wconf 90' lang='lat'><strong>“</strong></span> <span class='ocrx_word' id='word_1_161' title='bbox 503 3024 627 3109; x_wconf 87' lang='lat' dir='ltr'>gentes,</span> <span class='ocrx_word' id='word_1_162' title='bbox 651 3024 711 3085; x_wconf 90' lang='lat' dir='ltr'>aut</span> <span class='ocrx_word' id='word_1_163' title='bbox 740 3019 877 3101; x_wconf 86' lang='lat' dir='ltr'>remissi,</span> <span class='ocrx_word' id='word_1_164' title='bbox 910 3021 954 3085; x_wconf 89' lang='lat' dir='ltr'>ad</span> <span class='ocrx_word' id='word_1_165' title='bbox 976 3041 1046 3101; x_wconf 89' lang='lat' dir='ltr'>vos,</span> <span class='ocrx_word' id='word_1_166' title='bbox 1077 3023 1237 3106; x_wconf 87' lang='lat' dir='ltr'>tanquam</span> <span class='ocrx_word' id='word_1_167' title='bbox 1268 3020 1311 3084; x_wconf 87' lang='lat' dir='ltr'>ad</span> <span class='ocrx_word' id='word_1_168' title='bbox 1339 3021 1446 3085; x_wconf 88' lang='lat' dir='ltr'>nostri</span> <span class='ocrx_word' id='word_1_169' title='bbox 1475 3045 1512 3086; x_wconf 86' lang='lat' dir='ltr'>ac</span> 
     </span>
     <span class='ocr_line' id='line_1_22' title="bbox 463 3122 1512 3209; baseline -0.001 -20"><span class='ocrx_word' id='word_1_170' title='bbox 463 3129 481 3160; x_wconf 88' lang='lat'><strong>“</strong></span> <span class='ocrx_word' id='word_1_171' title='bbox 505 3122 737 3189; x_wconf 86' lang='lat' dir='ltr'>mandatorum</span> <span class='ocrx_word' id='word_1_172' title='bbox 760 3126 947 3188; x_wconf 85' lang='lat' dir='ltr'>nostrorum</span> <span class='ocrx_word' id='word_1_173' title='bbox 978 3125 1228 3209; x_wconf 78' lang='lat' dir='ltr'>contemptores,</span> <span class='ocrx_word' id='word_1_174' title='bbox 1252 3143 1378 3188; x_wconf 88' lang='lat' dir='ltr'>necnon</span> <span class='ocrx_word' id='word_1_175' title='bbox 1401 3123 1442 3188; x_wconf 89' lang='lat' dir='ltr'>de</span> <span class='ocrx_word' id='word_1_176' title='bbox 1464 3145 1512 3188; x_wconf 88' lang='lat' dir='ltr'>re-</span> 
     </span>
     <span class='ocr_line' id='line_1_23' title="bbox 463 3223 1511 3314; baseline -0.002 -22"><span class='ocrx_word' id='word_1_177' title='bbox 463 3234 482 3263; x_wconf 92' lang='lat'><strong>“</strong></span> <span class='ocrx_word' id='word_1_178' title='bbox 504 3228 715 3314; x_wconf 86' lang='lat' dir='ltr'>ceptamento</span> <span class='ocrx_word' id='word_1_179' title='bbox 742 3225 777 3288; x_wconf 89' lang='lat' dir='ltr'>et</span> <span class='ocrx_word' id='word_1_180' title='bbox 806 3245 965 3290; x_wconf 87' lang='lat' dir='ltr'>consensu</span> <span class='ocrx_word' id='word_1_181' title='bbox 997 3225 1163 3291; x_wconf 87' lang='lat' dir='ltr'>dictorum</span> <span class='ocrx_word' id='word_1_182' title='bbox 1195 3223 1511 3304; x_wconf 62' lang='lat' dir='ltr'>malefactorum</span> 
     </span>
     <span class='ocr_line' id='line_1_24' title="bbox 464 3323 1512 3413; baseline 0 -21"><span class='ocrx_word' id='word_1_183' title='bbox 464 3335 483 3365; x_wconf 90' lang='lat'><strong>“</strong></span> <span class='ocrx_word' id='word_1_184' title='bbox 505 3327 547 3392; x_wconf 91' lang='lat' dir='ltr'>de</span> <span class='ocrx_word' id='word_1_185' title='bbox 571 3325 740 3392; x_wconf 88' lang='lat' dir='ltr'>maleficiis</span> <span class='ocrx_word' id='word_1_186' title='bbox 764 3325 931 3413; x_wconf 84' lang='lat' dir='ltr'>praedictis</span> <span class='ocrx_word' id='word_1_187' title='bbox 955 3326 1142 3413; x_wconf 87' lang='lat' dir='ltr'>culpabiles,</span> <span class='ocrx_word' id='word_1_188' title='bbox 1159 3331 1193 3392; x_wconf 92' lang='lat' dir='ltr'>et</span> <span class='ocrx_word' id='word_1_189' title='bbox 1220 3323 1297 3391; x_wconf 91' lang='lat' dir='ltr'>inde</span> <span class='ocrx_word' id='word_1_190' title='bbox 1320 3328 1512 3408; x_wconf 86' lang='lat' dir='ltr'>onerandos‚</span> 
     </span>
     <span class='ocr_line' id='line_1_25' title="bbox 464 3427 1512 3516; baseline -0.002 -20"><span class='ocrx_word' id='word_1_191' title='bbox 464 3436 483 3466; x_wconf 90' lang='lat'><em>“</em></span> <span class='ocrx_word' id='word_1_192' title='bbox 505 3451 623 3496; x_wconf 89' lang='lat' dir='ltr'>manus</span> <span class='ocrx_word' id='word_1_193' title='bbox 654 3427 870 3494; x_wconf 83' lang='lat' dir='ltr'>extendemus</span> <span class='ocrx_word' id='word_1_194' title='bbox 901 3427 1076 3515; x_wconf 83' lang='lat' dir='ltr'>graviores.</span> <span class='ocrx_word' id='word_1_195' title='bbox 1134 3429 1230 3493; x_wconf 82' lang='lat' dir='ltr'>Teste</span> <span class='ocrx_word' id='word_1_196' title='bbox 1260 3429 1392 3515; x_wconf 88' lang='lat' dir='ltr'>meipso,</span> <span class='ocrx_word' id='word_1_197' title='bbox 1424 3429 1512 3516; x_wconf 86' lang='lat' dir='ltr'>apud</span> 
     </span>
     <span class='ocr_line' id='line_1_26' title="bbox 444 3529 1513 3618; baseline 0 -22"><span class='ocrx_word' id='word_1_198' title='bbox 444 3535 483 3570; x_wconf 86' lang='lat'>&#39;“</span> <span class='ocrx_word' id='word_1_199' title='bbox 506 3531 727 3609; x_wconf 85' lang='lat' dir='ltr'>Beverlacum,</span> <span class='ocrx_word' id='word_1_200' title='bbox 757 3531 847 3596; x_wconf 83' lang='lat' dir='ltr'>xxii⁰</span> <span class='ocrx_word' id='word_1_201' title='bbox 870 3530 925 3597; x_wconf 92' lang='lat' dir='ltr'>die</span> <span class='ocrx_word' id='word_1_202' title='bbox 956 3529 1049 3612; x_wconf 89' lang='lat' dir='ltr'>Julii,</span> <span class='ocrx_word' id='word_1_203' title='bbox 1086 3551 1173 3596; x_wconf 92' lang='lat' dir='ltr'>anno</span> <span class='ocrx_word' id='word_1_204' title='bbox 1204 3529 1300 3618; x_wconf 88' lang='lat' dir='ltr'>regni</span> <span class='ocrx_word' id='word_1_205' title='bbox 1330 3531 1437 3598; x_wconf 88' lang='lat' dir='ltr'>nostri</span> <span class='ocrx_word' id='word_1_206' title='bbox 1455 3533 1513 3598; x_wconf 91' lang='lat' dir='ltr'>tri·</span> 
     </span>
     <span class='ocr_line' id='line_1_27' title="bbox 465 3631 793 3720; baseline 0 -20"><span class='ocrx_word' id='word_1_207' title='bbox 465 3639 484 3672; x_wconf 92' lang='lat'><strong>“</strong></span> <span class='ocrx_word' id='word_1_208' title='bbox 506 3631 793 3720; x_wconf 54' lang='lat' dir='ltr'>cesino-quarto?</span> 
     </span>
    </p>
   </div>
   <div class='ocr_carea' id='block_1_3' title="bbox 885 3996 1094 4064">
    <p class='ocr_par' dir='ltr' id='par_1_3' title="bbox 885 3996 1094 4064">
     <span class='ocr_line' id='line_1_28' title="bbox 885 3996 1094 4064; baseline 0.01 -2"><span class='ocrx_word' id='word_1_209' title='bbox 885 3996 1094 4064; x_wconf 80' lang='lat' dir='ltr'>Rctcrccm.</span> 
     </span>
    </p>
   </div>
   <div class='ocr_carea' id='block_1_4' title="bbox 293 4165 1512 4256">
    <p class='ocr_par' dir='ltr' id='par_1_4' title="bbox 293 4165 1512 4256">
     <span class='ocr_line' id='line_1_29' title="bbox 293 4165 1512 4256; baseline -0.002 -20"><span class='ocrx_word' id='word_1_210' title='bbox 293 4198 420 4242; x_wconf 55' lang='lat' dir='ltr'>assume</span> <span class='ocrx_word' id='word_1_211' title='bbox 507 4174 527 4206; x_wconf 91' lang='lat'><strong>“</strong></span> <span class='ocrx_word' id='word_1_212' title='bbox 549 4169 613 4234; x_wconf 90' lang='lat' dir='ltr'>Per</span> <span class='ocrx_word' id='word_1_213' title='bbox 634 4165 727 4233; x_wconf 89' lang='lat' dir='ltr'>istud</span> <span class='ocrx_word' id='word_1_214' title='bbox 757 4165 859 4233; x_wconf 90' lang='lat' dir='ltr'>breve</span> <span class='ocrx_word' id='word_1_215' title='bbox 891 4165 1026 4234; x_wconf 88' lang='lat' dir='ltr'>fecimus</span> <span class='ocrx_word' id='word_1_216' title='bbox 1057 4167 1190 4256; x_wconf 85' lang='lat' dir='ltr'>vigilias</span> <span class='ocrx_word' id='word_1_217' title='bbox 1221 4167 1293 4233; x_wconf 89' lang='lat' dir='ltr'>fieri</span> <span class='ocrx_word' id='word_1_218' title='bbox 1323 4170 1512 4253; x_wconf 76' lang='lat' dir='ltr'>periciam</span> 
     </span>
    </p>
   </div>
   <div class='ocr_carea' id='block_1_5' title="bbox 292 4249 1513 4410">
    <p class='ocr_par' dir='ltr' id='par_1_5' title="bbox 292 4249 1513 4410">
     <span class='ocr_line' id='line_1_30' title="bbox 292 4249 1513 4410; baseline -0.002 -73"><span class='ocrx_word' id='word_1_219' title='bbox 292 4249 444 4393; x_wconf 43' lang='grc' dir='ltr'>Ξηέῗιτηιᾚ</span> <span class='ocrx_word' id='word_1_220' title='bbox 462 4277 482 4410; x_wconf 55' lang='grc' dir='ltr'>’Ξ</span> <span class='ocrx_word' id='word_1_221' title='bbox 505 4271 676 4338; x_wconf 87' lang='lat' dir='ltr'>civitatem</span> <span class='ocrx_word' id='word_1_222' title='bbox 712 4269 859 4356; x_wconf 88' lang='lat' dir='ltr'>qualibet</span> <span class='ocrx_word' id='word_1_223' title='bbox 888 4274 996 4348; x_wconf 91' lang='lat' dir='ltr'>nocte,</span> <span class='ocrx_word' id='word_1_224' title='bbox 1028 4273 1063 4334; x_wconf 89' lang='lat' dir='ltr'>et</span> <span class='ocrx_word' id='word_1_225' title='bbox 1099 4292 1213 4356; x_wconf 85' lang='lat' dir='ltr'>pacem</span> <span class='ocrx_word' id='word_1_226' title='bbox 1245 4269 1382 4334; x_wconf 91' lang='lat' dir='ltr'>Domini</span> <span class='ocrx_word' id='word_1_227' title='bbox 1413 4269 1513 4356; x_wconf 81' lang='lat' dir='ltr'>Regis</span> 
     </span>
    </p>
   </div>
   <div class='ocr_carea' id='block_1_6' title="bbox 292 4369 1515 4868">
    <p class='ocr_par' dir='ltr' id='par_1_6' title="bbox 292 4369 1515 4868">
     <span class='ocr_line' id='line_1_31' title="bbox 293 4369 1515 4460; baseline -0.004 -19"><span class='ocrx_word' id='word_1_228' title='bbox 293 4399 434 4460; x_wconf 60' lang='lat' dir='ltr'>ennecone</span> <span class='ocrx_word' id='word_1_229' title='bbox 504 4373 645 4439; x_wconf 82' lang='lat' dir='ltr'>firmiter</span> <span class='ocrx_word' id='word_1_230' title='bbox 660 4371 834 4450; x_wconf 78' lang='lat' dir='ltr'>obseruari,</span> <span class='ocrx_word' id='word_1_231' title='bbox 851 4376 886 4436; x_wconf 91' lang='lat' dir='ltr'>et</span> <span class='ocrx_word' id='word_1_232' title='bbox 902 4369 1158 4456; x_wconf 86' lang='lat' dir='ltr'>Inquisitionem</span> <span class='ocrx_word' id='word_1_233' title='bbox 1175 4373 1211 4436; x_wconf 92' lang='lat' dir='ltr'>in</span> <span class='ocrx_word' id='word_1_234' title='bbox 1226 4371 1375 4457; x_wconf 90' lang='lat' dir='ltr'>qualibet</span> <span class='ocrx_word' id='word_1_235' title='bbox 1389 4370 1515 4436; x_wconf 86' lang='lat' dir='ltr'>Warda</span> 
     </span>
     <span class='ocr_line' id='line_1_32' title="bbox 292 4449 1513 4562; baseline -0.002 -22"><span class='ocrx_word' id='word_1_236' title='bbox 292 4449 424 4502; x_wconf 48' lang='lat' dir='ltr'>mm*</span> <span class='ocrx_word' id='word_1_237' title='bbox 463 4481 603 4562; x_wconf 87' lang='lat' dir='ltr'>“super</span> <span class='ocrx_word' id='word_1_238' title='bbox 633 4472 821 4560; x_wconf 89' lang='lat' dir='ltr'>hujusmodi</span> <span class='ocrx_word' id='word_1_239' title='bbox 859 4472 1123 4537; x_wconf 84' lang='lat' dir='ltr'>malefactoribus</span> <span class='ocrx_word' id='word_1_240' title='bbox 1156 4478 1191 4538; x_wconf 91' lang='lat' dir='ltr'>et</span> <span class='ocrx_word' id='word_1_241' title='bbox 1220 4494 1334 4537; x_wconf 89' lang='lat' dir='ltr'>eorum</span> <span class='ocrx_word' id='word_1_242' title='bbox 1367 4479 1513 4560; x_wconf 85' lang='lat' dir='ltr'>recepta-</span> 
     </span>
     <span class='ocr_line' id='line_1_33' title="bbox 463 4573 1515 4662; baseline 0 -22"><span class='ocrx_word' id='word_1_243' title='bbox 463 4581 481 4611; x_wconf 90' lang='lat'><strong>“</strong></span> <span class='ocrx_word' id='word_1_244' title='bbox 503 4577 631 4641; x_wconf 82' lang='lat' dir='ltr'>toribus</span> <span class='ocrx_word' id='word_1_245' title='bbox 643 4601 652 4657; x_wconf 94' lang='lat'>;</span> <span class='ocrx_word' id='word_1_246' title='bbox 675 4581 709 4642; x_wconf 82' lang='lat' dir='ltr'>et</span> <span class='ocrx_word' id='word_1_247' title='bbox 724 4597 782 4662; x_wconf 90' lang='lat' dir='ltr'>per</span> <span class='ocrx_word' id='word_1_248' title='bbox 797 4575 903 4640; x_wconf 83' lang='lat' dir='ltr'>dictas</span> <span class='ocrx_word' id='word_1_249' title='bbox 926 4573 1164 4660; x_wconf 85' lang='lat' dir='ltr'>Inquisiticncs</span> <span class='ocrx_word' id='word_1_250' title='bbox 1187 4574 1365 4639; x_wconf 85' lang='lat' dir='ltr'>indictatos</span> <span class='ocrx_word' id='word_1_251' title='bbox 1387 4575 1424 4639; x_wconf 92' lang='lat' dir='ltr'>in</span> <span class='ocrx_word' id='word_1_252' title='bbox 1446 4573 1515 4640; x_wconf 88' lang='lat' dir='ltr'>bal·</span> 
     </span>
     <span class='ocr_line' id='line_1_34' title="bbox 461 4677 1513 4762; baseline 0.003 -21"><span class='ocrx_word' id='word_1_253' title='bbox 461 4684 480 4714; x_wconf 87' lang='lat'><strong>“</strong></span> <span class='ocrx_word' id='word_1_254' title='bbox 503 4678 573 4743; x_wconf 88' lang='lat' dir='ltr'>liva</span> <span class='ocrx_word' id='word_1_255' title='bbox 595 4683 709 4742; x_wconf 87' lang='lat' dir='ltr'>nostra</span> <span class='ocrx_word' id='word_1_256' title='bbox 739 4677 893 4742; x_wconf 86' lang='lat' dir='ltr'>inventos</span> <span class='ocrx_word' id='word_1_257' title='bbox 923 4677 1076 4762; x_wconf 72' lang='lat' dir='ltr'>cepimus</span> <span class='ocrx_word' id='word_1_258' title='bbox 1101 4682 1136 4741; x_wconf 87' lang='lat' dir='ltr'>et</span> <span class='ocrx_word' id='word_1_259' title='bbox 1159 4677 1195 4740; x_wconf 94' lang='lat' dir='ltr'>in</span> <span class='ocrx_word' id='word_1_260' title='bbox 1221 4677 1356 4762; x_wconf 88' lang='lat' dir='ltr'>prisona</span> <span class='ocrx_word' id='word_1_261' title='bbox 1378 4677 1513 4744; x_wconf 87' lang='lat' dir='ltr'>Domini</span> 
     </span>
     <span class='ocr_line' id='line_1_35' title="bbox 463 4778 1515 4868; baseline 0 -24"><span class='ocrx_word' id='word_1_262' title='bbox 463 4785 481 4815; x_wconf 89' lang='lat'><strong>“</strong></span> <span class='ocrx_word' id='word_1_263' title='bbox 506 4779 606 4866; x_wconf 85' lang='lat' dir='ltr'>Regis</span> <span class='ocrx_word' id='word_1_264' title='bbox 644 4779 837 4860; x_wconf 85' lang='lat' dir='ltr'>detinemus,</span> <span class='ocrx_word' id='word_1_265' title='bbox 866 4801 970 4868; x_wconf 91' lang='lat' dir='ltr'>usque</span> <span class='ocrx_word' id='word_1_266' title='bbox 1016 4779 1199 4845; x_wconf 88' lang='lat' dir='ltr'>adventum</span> <span class='ocrx_word' id='word_1_267' title='bbox 1244 4778 1268 4843; x_wconf 85' lang='lat' dir='ltr'><strong>J</strong></span> <span class='ocrx_word' id='word_1_268' title='bbox 1270 4779 1515 4846; x_wconf 81' lang='lat' dir='ltr'>usticiaricrum</span> 
     </span>
    </p>
   </div>
   <div class='ocr_carea' id='block_1_7' title="bbox 0 0 1816 5824">
    <p class='ocr_par' dir='ltr' id='par_1_7' title="bbox 0 0 1816 5824">
     <span class='ocr_line' id='line_1_36' title="bbox 0 0 1816 5824; baseline 0 0"><span class='ocrx_word' id='word_1_269' title='bbox 0 0 1816 5824; x_wconf 95' lang='lat' dir='ltr'> </span> 
     </span>
    </p>
   </div>
  </div>
 </body>
</html>
