3462 5836
239 915 281 978 14
297 929 381 978 now.
397 909 450 1000 11.]
483 923 650 975 annonas
672 919 872 972 nmrvnnso
893 919 938 972 Aa
960 921 1029 970 run
1053 920 1144 971 iasa.
1220 901 1283 970 361

238 1114 312 1200 plns
335 1113 481 1201 ceperint
511 1133 610 1200 quam
637 1111 662 1177 ii
684 1111 805 1178 solidos
838 1109 881 1176 ad
904 1108 1210 1197 Wappentachium,
1233 1107 1288 1173 vel

239 1215 468 1295 Hundredum,
484 1216 538 1282 val
552 1215 720 1295 Villatam,
736 1235 810 1300 quae
824 1212 1024 1300 respondent
1037 1233 1098 1299 pro
1112 1211 1162 1276 xii
1176 1210 1229 1276 vel
1245 1207 1287 1274 vi.

239 1317 291 1383 Da
318 1318 383 1382 hiis
407 1318 465 1405 qni
487 1318 635 1405 ceperint
657 1316 822 1403 superflua
844 1314 899 1382 vel
926 1313 1077 1380 indebita
1103 1313 1231 1378 tolneto
1253 1311 1289 1375 in

239 1420 440 1500 civitatibus,
474 1420 598 1508 burgis,
625 1419 679 1485 vel
710 1418 800 1499 alibi,
823 1420 939 1483 contra
965 1437 1170 1482 communem
1193 1435 1289 1480 usum

239 1544 274 1588 re
298 1545 341 1588 nn

274 1544 337 1689 gDo
369 1623 497 1689 civibus
540 1624 721 1710 burgorum
756 1621 963 1708 capientibus
998 1621 1197 1708 mursgium,
1233 1643 1292 1708 per

241 1725 424 1792 Dominum
441 1724 566 1814 Regem
588 1722 712 1792 eisdem
733 1745 930 1806 conoessum,
946 1723 1043 1790 aliter
1065 1745 1164 1811 qaam
1186 1724 1292 1789 facero

242 1828 366 1894 debent
397 1827 578 1894 secundum
615 1825 856 1893 concessionem
892 1827 940 1892 ais
971 1849 991 1892 a
1023 1826 1168 1892 Domino
1201 1826 1292 1914 Rege

243 1951 435 1996 concassam.

289 2033 340 2098 De
363 2033 427 2098 biis
450 2033 508 2119 qui
531 2031 677 2120 ceperint
699 2030 858 2098 victualia
879 2031 935 2098 vel
957 2031 1022 2098 alia
1048 2033 1229 2100 necessaria
1250 2031 1293 2098 ad

245 2158 325 2223 opus
348 2135 456 2222 Regis,
481 2135 551 2200 sive
583 2134 626 2200 ed
656 2135 876 2201 munitionem
908 2134 1102 2202 Castrorum
1131 2137 1184 2202 vsl
1214 2136 1295 2202 alibi

244 2237 450 2324 ubicumque,
483 2237 618 2304 nomine
648 2237 856 2316 creditorum,
880 2260 955 2304 cum
980 2239 1127 2326 ceperint
1147 2239 1294 2304 debitum

245 2341 330 2406 illud
351 2341 389 2406 in
417 2340 585 2428 Scaocario
609 2339 809 2406 Gardcmbas
833 2340 888 2406 vsl
911 2341 1001 2422 olibi,
1026 2347 1061 2407 et
1087 2363 1126 2408 aa
1148 2342 1295 2408 detinue

245 2445 315 2508 rint
337 2442 575 2525 creditoribus3
608 2449 644 2508 et
674 2443 835 2523 similiter,
870 2443 927 2529 qui
957 2449 1086 2530 partem
1110 2443 1295 2510 debitorum

246 2545 383 2612 Domini
406 2545 505 2633 Regis
526 2545 582 2611 vel
604 2545 670 2610 alis
691 2567 830 2612 munera
852 2551 1015 2632 ceperunt,
1041 2551 1081 2612 ut
1103 2547 1144 2612 do
1165 2546 1297 2613 residuo

247 2648 472 2716 satisfacerent
493 2647 716 2714 creditoribus

291 2751 344 2817 De
374 2749 439 2815 hiis
465 2749 551 2838 [qui]
576 2749 722 2837 ceperint
746 2751 855 2839 plures
877 2772 979 2838 equos
1001 2753 1055 2818 vel
1079 2757 1230 2830 careotas,
1255 2752 1299 2818 ad

247 2853 425 2941 caringium
465 2851 603 2918 Domini
636 2852 736 2940 Regis
762 2852 957 2932 faciendum,
991 2876 1091 2940 quam
1118 2856 1299 2922 necessaria

246 2956 388 3034 fuerint3
411 2961 542 3041 atquae
568 2977 704 3022 nruncra
733 2957 881 3043 ceperint
902 2979 961 3044 pro
983 2957 1105 3023 eisdem
1128 2961 1299 3025 remitten-

248 3059 307 3139 dis,
333 3059 414 3145 quis,
440 3063 475 3123 et
497 3063 669 3144 quantum,
695 3062 730 3123 et
752 3079 773 3123 a
798 3077 873 3145 qno.

294 3161 345 3227 De
374 3160 584 3248 magnatibus
618 3164 653 3226 et
686 3180 800 3225 eorum
832 3159 974 3242 ballivis,
1006 3167 1043 3226 et
1073 3161 1226 3228 similiter·
1259 3163 1300 3230 de

250 3264 331 3344 aliis,
366 3263 514 3350 exceptis
550 3262 713 3328 ministris
746 3262 847 3350 Regis
882 3262 1003 3349 quibus
1037 3263 1080 3328 ad
1106 3263 1168 3330 hoc
1202 3265 1300 3331 datur

249 3366 436 3456 specialiter
469 3367 659 3447 auctoritas,
687 3365 746 3450 qui
782 3365 827 3430 sd
855 3364 1053 3432 instantiam
1079 3366 1300 3456 cujuscunque

249 3469 305 3536 vel
331 3469 530 3536 auctoritate
559 3469 691 3556 propria
717 3467 974 3535 attachiavcrint
1006 3490 1224 3558 quoscunque,
1247 3471 1301 3539 vel

250 3573 337 3640 bona
360 3593 473 3639 eoram
503 3571 713 3638 transeuntia
748 3593 807 3659 per
842 3593 955 3638 eorum
980 3577 1180 3660 potestates;
1214 3595 1300 3641 com·

251 3675 403 3764 pellendo
428 3697 487 3763 per
508 3675 570 3741 hoo
593 3675 683 3762 ipsos
705 3675 748 3740 ad
771 3674 1035 3762 respondendum
1058 3698 1167 3743 coram
1192 3679 1238 3744 eis
1260 3678 1301 3744 de

251 3779 480 3858 contractibus,
519 3783 554 3843 et
591 3777 874 3859 conventionibus,
909 3783 945 3844 et
979 3781 1300 3868 transgressionibus,

183 3893 186 3898 “
251 3883 348 3948 factis
362 3886 459 3948 extra
474 3901 567 3967 posse
589 3882 626 3946 et
642 3879 909 3967 jurisdictionem
924 3881 1111 3966 eorundem,
1127 3905 1201 3949 cum
1217 3885 1302 3952 nibil
1425 3972 1428 3978 ,

252 3987 390 4051 teneant
413 3983 455 4048 de
481 3983 562 4070 ipsis
583 4003 644 4049 nac
667 3981 754 4048 infra
776 3982 948 4050 libertates
969 4005 1055 4051 suas

297 4089 349 4154 De
381 4084 637 4152 Vicecomitibus
671 4090 706 4153 et
730 4085 863 4151 ballivis
897 4087 955 4172 qui
989 4108 1058 4152 non
1084 4088 1303 4175 permiserunt

253 4211 464 4278 quoscunque
487 4209 615 4277 pascere
646 4188 687 4255 de
711 4210 770 4255 suo
802 4189 935 4277 proprio
965 4191 1078 4256 averia
1104 4213 1173 4273 sua,
1208 4199 1304 4282 capta

252 4299 286 4360 et
319 4294 523 4381 imporcata3
557 4291 638 4378 qnid
660 4291 806 4378 ceperint
829 4313 889 4380 pro
913 4293 1061 4359 custodia
1083 4315 1205 4377 eorum,
1229 4319 1302 4362 cnm

252 4397 311 4476 illi,
339 4418 480 4484 quorum
503 4396 617 4462 averia
639 4395 698 4460 illa
729 4394 863 4475 inerint,
887 4395 948 4461 hoc
971 4395 1076 4463 lacere
1098 4397 1223 4465 fuerint
1248 4422 1304 4487 pa-

252 4500 326 4567 rati
371 4499 418 4565 Et
441 4498 503 4564 hoc
526 4497 779 4586 intelligendum
800 4500 859 4576 est,
883 4503 958 4586 post
982 4498 1240 4567 Parliamentum
1263 4503 1304 4570 de

253 4602 395 4670 termino
422 4600 540 4668 Sancti
567 4599 748 4684 Michaelis,
774 4619 862 4667 anno
891 4601 985 4688 regni
1009 4601 1110 4690 Regis
1136 4603 1304 4689 Edwardi‚

252 4705 365 4795 patris,
387 4704 448 4770 iii0.

300 4807 351 4874 De
375 4807 496 4877 averiis
519 4806 626 4896 captis
650 4829 710 4897 pro
732 4805 854 4876 debitis
881 4807 1017 4875 Domini
1040 4809 1151 4900 Regis,
1164 4812 1219 4880 vel
1240 4815 1306 4884 alia
1358 4847 1360 4852 v
