3600 5822
299 857 510 947 17nnv.11.]
535 873 786 928 ummussuon
807 875 852 928 os
874 876 1001 930 emens
1022 877 1173 932 uenum
1279 861 1347 935 2⁷7

300 1070 320 1098 “
343 1072 352 1099 ‘
366 1067 485 1142 noster,
506 1063 588 1142 Rex,
605 1063 701 1130 nobis
715 1064 887 1152 perbreve
901 1085 997 1130 suum
1011 1064 1106 1131 dedit
1119 1065 1157 1131 in
1171 1064 1346 1146 mundetis,

301 1171 319 1201 “
343 1170 351 1201 ‘
366 1165 455 1252 quod
470 1165 504 1231 id
520 1165 609 1252 quod
628 1165 666 1231 in
679 1165 856 1253 praemiesis
870 1167 980 1232 minus
995 1165 1061 1232 rite
1085 1171 1120 1234 et
1134 1173 1249 1235 contre
1263 1191 1346 1256 pree·

300 1273 320 1301 “
343 1265 490 1332 ‘dictem
522 1268 764 1334 ordinationem
791 1273 879 1333 esset
904 1271 1143 1354 attemptatum
1170 1271 1288 1357 corrigi
1310 1274 1348 1336 et

299 1373 318 1404 “
342 1367 542 1450 ‘emendari
558 1391 596 1435 sc
619 1369 656 1434 in
677 1374 803 1436 statum
825 1369 1005 1456 pristinum
1028 1369 1151 1457 reponi,
1168 1370 1348 1437 faceremus

300 1477 318 1506 ‘⁴
342 1477 350 1504 ‘
365 1469 502 1536 indilate
516 1495 525 1550 ;
547 1474 582 1536 et
597 1467 769 1536 ¹volentes
784 1469 974 1556 hujusmodi
997 1472 1128 1537 demnis
1142 1477 1177 1537 et
1196 1471 1349 1558 periculis

298 1579 317 1607 “
341 1579 553 1658 ‘praecavere
569 1593 608 1638 uc
630 1573 796 1638 mandetis
811 1571 893 1637 dicti
908 1572 1045 1638 Domini
1071 1573 1177 1640 nostri
1193 1573 1293 1661 Regis
1311 1574 1348 1638 in

298 1678 318 1708 “
341 1672 517 1740 ‘omnibus
531 1673 892 1761 obedire-predictos
908 1674 1077 1762 carnifices
1103 1679 1138 1740 et
1151 1674 1347 1762 piscensrios

299 1781 317 1809 “
342 1781 473 1842 ‘coram
499 1775 593 1841 nobis
617 1775 754 1854 evocari,
782 1776 881 1841 etde
905 1797 944 1841 eo
971 1775 1060 1862 quod
1085 1776 1150 1862 ipsi
1176 1797 1288 1842 cernes
1312 1781 1348 1843 et

299 1882 317 1910 “
341 1877 464 1962 ‘pisces
487 1897 562 1941 suos
588 1876 625 1942 in
647 1876 721 1942 eliis
746 1876 826 1941 locis
849 1876 968 1942 vicinis
993 1887 1027 1943 et
1054 1877 1224 1966 contiguis,
1251 1882 1348 1944 extre

298 1983 316 2011 ‘¹
340 1976 498 2042 ‘domum
520 1976 720 2062 praedictum,
745 1981 861 2042 contre
886 1977 1128 2044 ordinationem
1152 1978 1347 2066 proedictem

298 2084 317 2112 “
341 2085 349 2112 ‘
364 2076 594 2156 vendiderunt,
615 2077 740 2164 alloqui
754 2077 910 2160 fecimus3
932 2079 991 2165 qui
1013 2079 1098 2144 nibil
1124 2080 1160 2144 in
1174 2080 1237 2146 hec
1251 2084 1347 2167 perte

299 2185 317 2212 “
341 2185 349 2212 ‘
364 2177 519 2256 dixerint,
535 2198 596 2242 neo
619 2177 727 2243 dicere
752 2178 916 2256 sciverint,
933 2199 991 2264 per
1006 2179 1095 2266 quod
1110 2179 1201 2246 dicte
1215 2182 1346 2247 ordine·

301 2286 319 2314 “
343 2279 416 2344 ‘tio
441 2277 561 2345 debeat
577 2277 746 2358 infirmari,
769 2279 827 2344 sed
842 2279 1012 2366 petierunt
1027 2281 1117 2366 quod
1132 2281 1298 2347 ordinatio
1312 2288 1348 2350 et

298 2387 317 2416 ‘¹
341 2379 552 2466 ‘compositio
576 2379 612 2444 in
635 2378 697 2446 hcc
721 2385 814 2466 purte
840 2381 932 2466 prius
954 2380 1043 2447 fectu
1066 2381 1102 2446 in
1122 2382 1275 2448 omnibus
1289 2382 1348 2450 ob

299 2488 317 2515 “
341 2485 582 2547 ‘servarentur
645 2480 716 2546 Nos
746 2481 857 2567 igitur,
889 2481 1038 2568 inspecte
1067 2481 1277 2549 ordinatione
1306 2485 1348 2550 de

297 2589 316 2616 “
340 2582 551 2668 ‘hujusmodi
565 2580 814 2648 venditionibus
836 2587 871 2647 et
892 2583 1185 2649 consuetudinibus
1200 2585 1347 2671 antique,

299 2689 318 2718 “
342 2687 399 2748 ‘et
413 2683 486 2748 vise
500 2681 735 2770 compositione
750 2680 900 2769 praedicti
924 2681 1063 2748 Henrioi
1077 2683 1109 2748 le
1121 2683 1250 2764 Wnleis
1267 2688 1349 2752 tunc

299 2792 317 2819 “
340 2782 506 2870 ‘Majoris
538 2782 580 2848 de
601 2781 790 2868 hujusmodi
815 2782 1063 2850 venditionibus
1097 2805 1156 2871 per
1179 2807 1347 2852 assensum

299 2893 317 2920 “
341 2884 468 2950 ‘totius
494 2883 747 2950 'communitatis
769 2882 857 2950 fecte
880 2889 914 2949 et
937 2883 1099 2964 ordinate,
1116 2907 1160 2952 ex
1181 2888 1347 2954 communi

298 2995 316 3022 “
340 2993 497 3052 ‘assensu
511 2991 624 3053 nostro
647 2990 682 3051 et
696 2985 800 3052 totius
814 2985 1061 3053 communitatis
1079 2987 1253 3073 praedietae,
1271 3011 1346 3055 con-

298 3095 317 3125 “
340 3087 569 3154 ‘cordnvimus
592 3090 627 3154 et
649 3087 871 3165 concessimus,
888 3087 978 3173 quod
999 3087 1157 3175 praedictu
1183 3090 1348 3156 ordinatio

299 3197 317 3225 ‘⁶
341 3189 504 3275 ‘entique
526 3194 561 3256 et
582 3189 775 3276 compositio
808 3187 849 3253 de
880 3187 1069 3272 hujusmodi
1098 3189 1348 3257 venditionibus

299 3299 317 3328 “
341 3291 460 3356 ‘firme
493 3294 529 3356 et
567 3289 696 3357 stabilis
732 3293 947 3376 permaneant
982 3289 1186 3375 temporibus
1215 3289 1346 3358 futuris.

298 3401 317 3428 “
340 3393 420 3458 ‘Ite
441 3392 538 3478 quod,
561 3391 709 3478 sistiqui
726 3394 842 3456 contre
855 3389 1048 3476 praedictum
1071 3390 1244 3476 antiquom
1259 3391 1346 3457 ordi·

299 3503 319 3531 “
341 3495 532 3560 ‘notionem
567 3499 603 3560 et
643 3491 915 3559 consuetudinem
952 3489 1152 3576 deliquerint
1186 3514 1244 3558 seu
1270 3515 1345 3560 con·

298 3604 316 3632 “
340 3596 577 3674 ‘trevenerint
612 3595 720 3682 primo
750 3614 820 3659 rem
856 3591 904 3657 sic
939 3592 1126 3659 venditioni
1159 3595 1346 3682 expositum

299 3705 317 3734 “
341 3698 531 3778 ‘emittent
555 3702 589 3762 et
627 3695 769 3762 secundo
791 3693 951 3760 emittent
976 3693 1167 3761 libertatem
1197 3698 1345 3764 civitatis

299 3807 316 3835 “
340 3799 538 3886 ‘praedictos
566 3798 652 3864 sicut
677 3796 858 3863 secundum
886 3796 994 3882 legem
1015 3801 1051 3863 et
1074 3798 1345 3866 consuetudinem

299 3907 317 3935 “
341 3899 508 3985 ‘ejusdem
522 3898 670 3964 civitatis
692 3897 879 3984 antiquitus
893 3897 966 3963 fieri
981 3898 1160 3964 consuevit.
1205 3898 1251 3965 Et
1267 3899 1346 3985 quie

299 4010 317 4039 “
341 4001 446 4069 ‘utile
468 3999 699 4088 perpendimus
721 4021 773 4066 res
795 3999 1013 4077 absconditas,
1041 4021 1118 4086 quse
1140 3999 1273 4066 eximiae
1287 4021 1343 4066 ve-

298 4111 316 4138 ‘⁴
340 4104 499 4169 ‘tuststis
520 4101 679 4180 latebunt,
696 4100 921 4167 conducerein
942 4099 1057 4179 lucem,
1073 4105 1113 4167 ut
1134 4121 1194 4187 per
1215 4101 1345 4168 easdem

298 4217 317 4244 “
341 4217 349 4244 ‘
363 4208 489 4296 fragilis
503 4209 662 4273 memorie
673 4207 716 4272 sd
730 4227 862 4272 sensum
876 4211 1056 4285 revocetur,
1069 4211 1105 4272 et
1115 4206 1345 4292 delinquentes

298 4319 316 4346 “
341 4309 405 4377 ‘ab
417 4309 546 4376 actibus
557 4309 652 4374 melis
666 4330 735 4374 sese
749 4307 877 4374 facilius
892 4307 1089 4385 abstineant,
1100 4307 1144 4373 ob
1152 4313 1345 4398 perpetuum

298 4422 316 4449 ‘¹
340 4414 411 4478 ‘rci
425 4413 623 4490 memorium,
641 4411 757 4497 Sigillo
772 4415 885 4476 nostro
899 4408 1066 4495 predicte
1081 4409 1232 4475 civitatis
1247 4408 1343 4476 Oom-

298 4523 316 4550 “
341 4515 457 4579 ‘muni
478 4518 655 4601 proesentes
677 4511 835 4577 duximus
865 4509 1073 4588 roborandas,
1099 4511 1162 4576 sub
1189 4511 1342 4578 custodis

602 4749 1035 4817 'written‘ccs'intheorigimt
