3624 5824
465 860 530 926 232
797 873 901 924 unns
923 871 1169 924 cusruuanuu
1304 857 1360 944 [31
1380 873 1464 923 nov.
1482 873 1504 923 1.

463 1058 480 1085 “
503 1072 597 1130 mus;
619 1070 721 1135 quare
746 1049 849 1128 vobis,
876 1049 980 1137 ipsius
1002 1049 1152 1116 mandati
1183 1048 1392 1130 auctoritate,
1418 1047 1506 1113 vices

461 1159 481 1187 “
503 1157 633 1218 nostras
658 1151 695 1215 in
721 1149 783 1215 hac
805 1156 900 1238 parte
923 1152 1168 1230 committimus,
1194 1155 1229 1216 et
1249 1150 1399 1218 districtc
1423 1171 1507 1236 pras-

460 1263 479 1288 “
501 1253 651 1340 cipiendo
680 1253 884 1332 mandamus,
914 1253 1071 1340 quatinus
1102 1253 1191 1320 idem
1232 1254 1428 1318 mandatum
1469 1250 1506 1314 in

459 1363 478 1391 “
500 1355 653 1421 omnibus
675 1359 710 1420 et
735 1355 876 1442 singuiis
900 1356 969 1420 suis
994 1355 1148 1434 articulis,
1171 1355 1353 1420 secundum
1379 1353 1449 1420 vim
1473 1357 1508 1417 et

459 1466 478 1492 “
501 1458 654 1524 effectum
680 1456 836 1544 ejusdem,
862 1457 1039 1545 diligenter
1070 1457 1288 1544 exequamini‚
1323 1457 1386 1522 sub
1407 1475 1507 1542 poena

459 1565 477 1596 “
499 1559 536 1624 in
557 1559 673 1626 eodem
695 1563 875 1641 contenta;
897 1581 1021 1647 nosque
1036 1559 1124 1624 inira
1138 1581 1197 1624 sex
1212 1559 1282 1626 dies
1296 1563 1371 1646 post
1385 1557 1506 1624 festum

459 1667 478 1696 “
501 1659 695 1748 Epiphaniae
710 1660 846 1726 Domini
868 1661 1021 1748 proximo
1039 1661 1197 1741 firturum,
1216 1665 1292 1748 post
1309 1659 1504 1746 inquisitam

459 1763 605 1850 “ipsius
640 1763 768 1850 negotii
798 1763 985 1846 veritatem,
1021 1765 1200 1830 secundum
1225 1769 1374 1830 tenorem
1403 1761 1507 1849 ipsim

460 1873 477 1900 “
500 1865 651 1931 mandati
675 1864 834 1932 distincte
861 1870 896 1930 et
918 1869 1032 1954 aperte
1063 1864 1272 1947 certificetis3
1294 1865 1435 1930 citantes
1458 1863 1510 1928 ni-

458 1977 475 2004 “
498 1968 675 2033 hilominus
690 1987 803 2033 omnes
825 1971 965 2034 ractores
980 1967 1035 2034 vel
1049 1971 1245 2054 occupantes
1262 1967 1370 2032 locum
1386 1964 1506 2031 talium

457 2076 475 2107 “
499 2070 741 2151 beneficiorum,
758 2068 847 2156 quod
862 2075 1075 2156 compareant
1099 2091 1207 2136 coram
1234 2069 1330 2134 nobis
1344 2069 1381 2132 in
1397 2067 1507 2133 Eccle-

455 2182 473 2208 “
497 2172 546 2238 sia
568 2177 682 2239 nostra
705 2170 929 2238 Conventuali
944 2169 1236 2249 westmonasterii,
1253 2171 1290 2235 in
1312 2169 1395 2236 festo
1411 2169 1507 2237 Mau-

456 2281 475 2311 “
496 2275 567 2340 ritii
582 2274 735 2351 abbatis,
752 2273 913 2339 decimam
939 2295 1075 2340 suorum
1091 2273 1326 2340 beneficiorum
1343 2271 1506 2359 deprimo

390 2445 394 2456 ,
455 2385 474 2414 “
496 2399 583 2444 anno
603 2375 675 2462 jam
691 2374 821 2457 effluxo,
837 2379 872 2442 et
895 2377 936 2442 de
961 2397 1049 2441 enno
1079 2374 1244 2462 praesenti,
1267 2374 1415 2440 soluturi
1461 2373 1507 2439 Et

455 2487 474 2514 ‘⁴
496 2479 637 2565 qualiter
651 2500 795 2566 praesens
810 2478 1008 2544 mandatum
1030 2481 1183 2543 nostrum
1205 2477 1306 2543 firerit
1321 2481 1506 2556 executum,

454 2587 473 2618 “
495 2603 555 2646 nos
576 2578 664 2644 infra
678 2580 857 2646 terminum
871 2579 966 2647 vobis
990 2579 1139 2666 superius
1163 2579 1345 2645 limitatum
1361 2601 1419 2666 per
1433 2601 1508 2645 ves·

455 2691 474 2718 “
496 2686 565 2748 tras
595 2685 747 2768 patentes
777 2681 915 2762 litteras,
953 2682 1072 2748 harum
1109 2687 1258 2748 tenorem
1288 2681 1505 2761 continentes,

455 2792 474 2818 “
496 2783 643 2849 reddatis
673 2782 836 2850 certiores
891 2784 1019 2852 Datum
1050 2785 1137 2872 apud
1168 2783 1509 2865 westmonasterium,

454 2894 472 2920 “
493 2885 569 2952 xiii⁰
592 2884 762 2952 Kalendas
784 2886 947 2967 tannarii,
971 2908 1058 2954 anno
1074 2885 1325 2966 Domini,'’-ut
1347 2875 1452 2975 supra

501 3084 520 3114 ‘¹
543 3076 655 3164 Hujus
670 3076 776 3168 igitur
789 3077 987 3145 auctoritate
1001 3079 1161 3162 mandati,
1176 3078 1218 3146 de
1232 3079 1344 3146 valore
1358 3078 1506 3146 omnium

297 3151 326 3196 ¹¹⁰
455 3183 473 3216 “
496 3179 738 3260 beneficiorum,
754 3186 788 3248 et
800 3181 1014 3269 singulorum,
1030 3181 1067 3248 in
1082 3183 1363 3249 Archidiaconatu
1378 3182 1506 3249 Londo-

493 3283 601 3349 niensi
623 3283 850 3366 existentium,
873 3284 1020 3371 exceptis
1044 3281 1108 3350 hiis
1137 3307 1212 3372 quae
1232 3285 1315 3351 alias
1336 3286 1374 3350 in
1395 3290 1507 3352 vestro

320 3366 332 3397 '
416 3423 431 3456 0
494 3385 642 3452 vidimus
668 3389 787 3454 taxata
802 3385 963 3473 Registro,
988 3390 1058 3452 tarn
1083 3407 1142 3474 per
1166 3387 1296 3454 clericos
1324 3409 1423 3474 quam
1449 3410 1508 3475 per

453 3493 472 3523 “
493 3487 602 3570 laicos,
633 3487 779 3575 ipsarum
801 3488 1009 3556 ecclesiarum
1031 3489 1254 3578 parochianos,
1278 3489 1508 3556 aestimationis

452 3596 471 3626 “
493 3589 683 3658 earumdem
693 3590 868 3677 juratores,
889 3597 930 3658 ut
944 3589 1063 3672 docnt,
1075 3592 1308 3680 inquisivimus
1323 3592 1507 3679 diiigenter.

451 3698 472 3728 “
495 3692 604 3774 Quam
627 3693 884 3780 inquisitionem
907 3697 943 3760 et
965 3695 1174 3761 taxationem
1189 3694 1423 3760 beneficiorum
1445 3694 1508 3760 hu·

452 3800 471 3830 “
488 3794 644 3881 jusmodi,
658 3795 775 3884 Sigillo
785 3793 884 3862 officii
892 3795 999 3863 nostri
1013 3795 1183 3879 inclusam,
1195 3795 1292 3863 vobis
1305 3797 1343 3862 in
1353 3797 1508 3864 schedula

451 3903 471 3934 “
492 3898 761 3980 transmittimus,
776 3898 842 3964 hiis
858 3919 1008 3986 appensa
1055 3899 1101 3965 Et
1115 3899 1144 3966 si
1164 3899 1201 3966 in
1212 3899 1423 3966 certificando
1438 3922 1509 3980 vos,

450 4006 470 4038 “
492 4006 527 4068 ct
543 4001 677 4068 citando
689 4001 844 4068 Rectores
859 4005 893 4068 et
904 4007 1115 4090 occupatores
1125 3999 1383 4069 ¹benefactorum
1394 4003 1510 4090 hujus-

450 4111 467 4140 “
491 4104 581 4170 modi
603 4103 647 4170 ad
662 4104 748 4170 diem
769 4103 926 4172 stlocum
944 4109 1059 4188 certos,
1075 4106 1253 4172 terminum
1274 4106 1509 4172 excesserimus

448 4210 469 4244 “
491 4206 682 4286 limitatum,
707 4228 773 4272 non
800 4228 860 4273 vos
890 4207 1014 4274 taedeat
1036 4229 1129 4275 mora
1150 4212 1273 4288 nostra,
1290 4229 1365 4276 cum
1387 4208 1424 4272 in
1450 4229 1508 4274 ex·

449 4314 468 4346 “
490 4309 641 4376 contione
663 4314 734 4375 tam
758 4309 900 4397 proluxa
921 4311 1080 4398 temporis
1101 4309 1249 4378 brevitas
1270 4332 1330 4377 nos
1352 4315 1508 4392 excusat;

447 4411 594 4479 “dictos
623 4417 738 4479 tamen
769 4411 925 4480 Rectores
955 4411 1141 4493 citavimus,
1164 4414 1254 4502 quod
1283 4411 1345 4480 hac
1366 4413 1508 4480 instanti

447 4523 466 4551 “
489 4513 544 4582 die
567 4515 663 4584 Jovia
696 4514 734 4584 in
766 4515 910 4596 ecclesia,
935 4521 1005 4597 eto,
1033 4516 1320 4586 westmonasterii
1342 4537 1508 4606 comparo-

448 4621 467 4652 “
488 4621 558 4699 ant,
575 4615 657 4686 etc.'’

813 4819 821 4852 ¹
832 4819 954 4886 Proper-ly
967 4818 1138 4884 bendictorum.
