3648 5816
551 887 710 942 nrvrstou
733 887 778 942 or
799 891 869 942 rna
891 891 1015 942 sruvua
1038 893 1161 942 rnuur.
1309 877 1372 940 105

328 1087 345 1112 “
369 1079 458 1156 tatis,
474 1078 565 1165 quod
582 1078 616 1143 in
636 1079 751 1166 primis
767 1079 874 1145 tribus
890 1081 1041 1146 terminis
1065 1077 1254 1146 solemniter
1274 1079 1375 1146 fucrit

330 1189 347 1214 “
370 1181 569 1247 celebratum
594 1181 630 1246 in
645 1182 706 1247 hoc
722 1181 824 1247 etiam
845 1185 963 1268 quarto
986 1183 1127 1248 termino
1150 1183 1280 1249 utiliter
1301 1205 1377 1249 con-

328 1291 345 1316 “
368 1288 572 1362 summetur3
594 1283 644 1348 ita
665 1284 762 1370 quod,
785 1305 844 1372 per
865 1284 1088 1371 ignorantiam
1111 1306 1170 1350 seu
1192 1307 1251 1370 per
1272 1285 1374 1371 negli-

329 1387 515 1472 “gentiam
546 1386 633 1452 tanti
655 1386 770 1474 operis,
803 1385 934 1453 bonitas
963 1387 1000 1452 in
1024 1386 1232 1474 dispendium
1265 1387 1376 1454 sortiri

331 1495 348 1522 “
370 1510 437 1553 non
459 1489 586 1554 debeat

376 1593 464 1658 “Ad
479 1593 638 1680 praedicta
653 1597 795 1679 quatuor
810 1592 985 1658 Halimota
1007 1591 1130 1660 debent
1145 1615 1258 1659 omnes
1273 1593 1375 1681 pisto-
1388 1608 1522 1656 aumas

328 1704 345 1730 “
367 1718 418 1761 res
440 1695 553 1762 venire
565 1719 574 1776 ;
607 1699 641 1762 et
662 1696 691 1760 si
714 1717 780 1760 non
802 1695 961 1774 venerint,
985 1717 1045 1762 nec
1078 1716 1113 1762 ss
1135 1696 1376 1763 rationabiliter
1388 1663 1529 1764 diffidi

329 1807 346 1832 “
368 1798 597 1864 excusaverint
623 1797 678 1863 vel
699 1796 943 1876 essoniaverint,
960 1796 1100 1884 quilibet
1123 1820 1236 1864 eorum
1258 1765 1528 1908 inciditgoiiporiiffi

330 1907 347 1934 ‘⁴
369 1899 405 1966 in
422 1900 643 1966 misericordia
657 1898 867 1966 Vioecomitia
883 1899 999 1966 dcxxi
1015 1901 1167 1966 denariis.
1213 1901 1259 1966 Et
1273 1900 1302 1966 si
1315 1899 1374 1966 eli-
1388 1915 1501 1960 amares

330 2003 443 2088 “quis
474 2003 577 2091 pistor
609 2006 788 2090 praesumat
819 2002 861 2068 de
893 2023 981 2068 novo
1014 2001 1157 2069 officium
1181 2003 1375 2090 praedictum

328 2113 346 2138 “
367 2127 524 2184 exercere,
541 2105 635 2172 dabit
657 2104 883 2193 prointroitu
904 2125 963 2170 suo
986 2127 1091 2172 unum
1114 2105 1300 2185 besantum,
1322 2106 1376 2171 vel

330 2215 347 2242 “
369 2208 394 2272 ii
416 2207 546 2289 solidos,
571 2213 630 2276 etc.

729 2319 976 2328 ,ω’-...-

536 2405 609 2473 ¹De
628 2405 811 2474 Diuisione
833 2405 985 2473 Demadi
1008 2405 1181 2493 Arpcotec'.
1414 2419 1510 2466 aas.

371 2534 458 2615 Quia
495 2534 674 2599 multorum
707 2531 836 2620 Regum
866 2532 1072 2620 temporibus
1099 2533 1268 2620 provisum
1300 2533 1375 2615 fuit,
1389 2551 1529 2616 snspensas

326 2638 423 2724 quod,
446 2642 579 2725 propter
601 2658 767 2724 pauperes,
784 2635 939 2703 denarius
955 2639 1141 2723 argenteus,
1157 2636 1280 2702 scilieet
1294 2641 1376 2702 ster-
1389 2604 1524 2749 witi-

325 2740 444 2827 lingua,
454 2738 605 2826 quotiens
620 2761 748 2806 necesse
763 2743 962 2828 exposceret,
973 2738 1180 2804 divideretur
1194 2739 1230 2804 in
1245 2737 1376 2804 obolum
1389 2755 1543 2850 atvoehplqnny

325 2847 360 2909 et
380 2843 610 2929 quadrantem,
632 2847 782 2929 exparte
800 2841 936 2908 Domini
960 2840 1060 2928 Regis
1076 2841 1216 2907 firmiter
1229 2841 1376 2958 praecipi-
1389 2806 1537 2962 &affluo

326 2951 390 3023 tur,
426 2944 516 3031 quod
547 2943 745 3033 quicumque
776 2943 813 3009 in
847 2943 1075 3031 emptionibus
1110 2949 1144 3010 et
1174 2943 1375 3011 venditiom·

326 3047 387 3113 bus
410 3048 552 3128 obolum,
568 3069 626 3114 seu
641 3047 871 3133 quadrantem,
888 3045 1003 3134 legalis
1019 3044 1149 3112 metalli
1171 3052 1206 3112 et
1228 3045 1376 3112 debitam

325 3149 450 3217 habens
472 3150 620 3230 formam,
636 3171 785 3216 recusare
806 3149 1062 3239 praesumpserit,
1079 3154 1239 3235 tanquam
1263 3149 1376 3236 Regiae

297 3307 299 3310 -
328 3257 514 3344 Majestutis
545 3261 753 3345 contemtor
779 3257 938 3345 capiatur,
969 3262 1003 3322 et
1042 3255 1079 3321 in
1118 3277 1283 3322 carcerem
1321 3256 1377 3322 de-

325 3361 488 3427 trudatur.
526 3359 734 3449 Praeceptum
755 3364 806 3427 est
829 3359 940 3440 etiam,
965 3358 1055 3446 quod
1076 3358 1194 3426 subeat
1211 3357 1375 3447 judicium

326 3463 475 3552 pilloriaa

675 3644 857 3712 ’socom
871 3643 1029 3712 Pistoris.
1414 3643 1510 3693 Μ*

371 3781 417 3848 Et
431 3778 598 3847 sciendum
613 3781 672 3856 est,
689 3777 778 3863 quod
799 3777 905 3864 pistor
918 3775 1037 3843 lucrari
1051 3778 1162 3863 potest
1176 3774 1211 3840 in
1227 3773 1376 3861 quolibet
1388 3799 1546 3866 ammona*

309 3883 494 3975 quarterio
516 3881 554 3947 iii
577 3880 728 3947 denarios
753 3902 829 3946 cum
858 3879 992 3958 furfme,
1027 3883 1062 3944 et
1092 3877 1175 3944 duos
1203 3900 1304 3966 panes
1335 3849 1536 3996 ἀοξὲιῗῇῒ

326 3987 498 4076 furnagi0;
520 3989 555 4051 et
569 3983 678 4050 tribus
703 3981 927 4049 servientibus
950 3992 1018 4048 tres
1040 3981 1161 4060 obolos,
1192 3985 1227 4046 et
1248 3981 1376 4047 duobus
1388 4004 1415 4048 or

326 4092 535 4184 garcionibus
553 4090 772 4178 quadrantem
783 4114 792 4171 ;
814 4095 850 4156 et
871 4111 931 4178 pro
953 4087 1062 4176 sigillo
1084 4085 1217 4154 obolum
1227 4111 1238 4169 ;
1260 4092 1295 4154 et
1317 4109 1377 4174 pro

333 4203 428 4288 gesta
441 4193 594 4278 obolum;
618 4198 653 4260 et
668 4214 730 4282 pro
744 4192 879 4259 candela
893 4190 1132 4280 quadrantem
1154 4195 1190 4258 ct
1203 4211 1263 4277 pro
1278 4190 1376 4258 bosco

361 4418 367 4447 ¹
381 4413 445 4465 Tbis
453 4426 565 4480 passage,
577 4425 605 4462 aa
615 4407 726 4476 forming
736 4415 792 4472 part
802 4407 832 4459 of
871 4406 970 4471 printed
980 4405 1047 4456 from
1058 4403 1134 4456 Liber
1145 4402 1224 4456 Hora.

327 4496 370 4546 the
388 4493 486 4547 statute
505 4489 561 4556 (the
578 4477 641 4541 date*
656 4489 686 4539 ot
704 4487 788 4539 which
806 4487 828 4538 ιι
904 4479 1009 4536 ’Thera
1019 4479 1209 4536 iaaaomeabat
1216 4481 1311 4534 similar
1319 4497 1376 4548 pas·

327 4575 479 4637 unknown),
489 4570 590 4636 printed
599 4569 627 4618 in
638 4568 682 4620 the
692 4570 709 4598 ‘⁶
718 4565 828 4618 Statum
871 4580 931 4631 sage
944 4563 971 4614 in
981 4564 1023 4614 the
1035 4567 1049 4592 ¹⁸
1058 4561 1168 4614 saum
1177 4560 1253 4628 astte
1265 4559 1376 4623 lem,’'

327 4659 342 4683 ‘⁴
359 4654 393 4719 os
406 4652 445 4703 tte
455 4646 568 4710 Raaim,”
579 4646 788 4710 andmentioned
799 4645 826 4694 iu
871 4643 920 4695 vol.
939 4643 965 4704 i,
982 4657 1007 4707 p.
1027 4647 1085 4702 200,
1108 4643 1155 4692 but
1173 4642 1216 4694 tha
1238 4641 1377 4693 variatione

327 4733 370 4784 the
381 4731 425 4783 list
435 4738 462 4782 at
472 4731 515 4780 the
527 4729 576 4780 end
594 4728 624 4778 ot
642 4726 692 4778 thia
709 4726 827 4786 volume,
871 4737 916 4774 are
931 4731 975 4774 too
1002 4720 1176 4773 extenuitate
1198 4721 1272 4774 allow
1295 4720 1325 4772 of
1346 4720 1378 4773 its

326 4815 386 4865 daea
404 4819 449 4862 not
463 4823 556 4876 appear
575 4808 602 4858 in
619 4808 662 4860 tha
681 4821 747 4872 copy
758 4805 828 4857 there
870 4801 996 4856 omission.
