3462 5836
243 789 285 856 14
302 804 386 857 now.
403 788 458 877 ιι]
486 805 576 856 wmn
591 805 630 856 m
644 803 781 856 θεων
798 805 842 856 on
860 805 930 858 nnn
945 804 1199 855 nonnononns.
1229 791 1291 856 391

244 995 261 1024 '⁴
286 989 451 1056 retnlliam
488 989 724 1077 impediuntur,
762 991 807 1057 ad
839 1011 941 1080 grave
981 992 1139 1058 damnum
1178 989 1294 1078 populi

244 1097 262 1126 “
285 1091 433 1158 civitatis
462 1090 560 1173 iiiinu,
590 1115 720 1161 necnon
756 1100 951 1182 magnetum
981 1098 1016 1162 et
1045 1115 1216 1183 procerum
1246 1093 1288 1159 de

241 1199 260 1230 “
283 1193 371 1262 dioto
401 1217 511 1284 regno,
549 1201 584 1262 et
613 1196 841 1265 ministrorum
874 1203 1062 1265 nostrorum
1095 1197 1139 1264 ad
1172 1197 1295 1264 dictam

241 1297 450 1366 “civitatem
472 1297 709 1366 confluentium
740 1305 774 1368 et
804 1299 839 1366 in
863 1300 977 1368 eadem
1007 1300 1143 1368 civitate
1169 1321 1295 1366 moram

243 1409 261 1434 “
283 1400 486 1483 facientium,
510 1406 546 1469 et
567 1403 669 1468 etiam
691 1404 729 1468 in
750 1403 857 1470 nostri
879 1402 1131 1490 praejndicinm3
1160 1423 1294 1490 praeaer-

242 1511 259 1539 ‘⁴
281 1502 354 1586 tim,
380 1525 456 1570 cum
485 1504 708 1572 ordinationes
730 1527 789 1572 een
811 1505 1012 1573 mutationes
1041 1505 1231 1593 hujusmodi
1253 1505 1294 1571 de
1333 1507 1437 1556 mh·

242 1614 259 1641 ‘¹
281 1607 492 1689 victualibus,
516 1629 573 1674 seu
605 1606 679 1672 aliia
709 1629 769 1695 pro
802 1608 1043 1676 sustentatione
1065 1609 1179 1696 populi
1200 1608 1295 1696 regni

241 1717 257 1744 “
280 1709 386 1776 nostri
408 1710 606 1788 necessariis,
627 1711 665 1776 in
688 1709 777 1776 dicta
798 1709 935 1777 civitate
956 1711 1030 1778 fieri
1051 1732 1121 1777 non
1142 1711 1292 1790 debeant,

242 1819 260 1847 ‘⁸
281 1811 377 1879 nobie
391 1812 592 1880 inconsultis„
638 1813 690 1879 De
712 1813 833 1899 quibua
859 1812 946 1900 [per]
973 1813 1108 1880 dilectos
1131 1818 1166 1882 et
1183 1812 1294 1880 fideles

242 1923 258 1950 “
281 1920 420 1995 nostroe,
444 1913 629 1982 Hennicum
651 1916 683 1982 le
707 1914 810 2002 Scrop
833 1921 868 1982 et
900 1915 1003 1982 eocioe
1026 1937 1111 1998 euos,
1135 1917 1292 1983 Jnaticia-

242 2025 259 2052 “
281 2017 348 2084 n’oe
369 2021 498 2085 nostroe
520 2018 564 2085 ad
593 2018 715 2106 placita
748 2039 857 2086 coram
889 2018 985 2086 nobie
1015 2018 1159 2086 tenenda
1190 2021 1292 2108 ansig-

241 2128 261 2156 “
282 2125 385 2200 natos,
409 2120 533 2207 inquiri
559 2121 790 2187 mendavimus
821 2121 1019 2203 veritatem
1049 2144 1088 2189 ac
1111 2121 1291 2210 Inquisitio

242 2231 260 2258 “
282 2223 359 2290 inde
388 2223 548 2312 capienda
579 2245 715 2312 gravem
753 2223 946 2292 dilationem
977 2225 1096 2311 capiat,
1127 2225 1291 2292 venditio·

241 2336 258 2362 ‘⁸
282 2347 346 2413 qne
368 2327 411 2392 ad
432 2325 596 2393 retalliam
617 2326 655 2392 in
684 2327 772 2393 dicto
802 2327 873 2394 loco
904 2327 957 2392 del
980 2326 1102 2394 Wharf
1129 2333 1231 2396 ceeeet
1252 2329 1292 2396 de

241 2438 258 2465 “
281 2429 479 2496 rictnaiibue
500 2428 697 2516 hujusmodi,
720 2429 764 2496 ad
785 2450 887 2516 grave
902 2430 1060 2496 damnum
1082 2429 1202 2518 populi,
1219 2451 1291 2517 pro

242 2539 261 2573 “
283 2554 401 2612 cerum,
418 2537 620 2620 magnatum,
644 2537 680 2599 ot
701 2531 928 2599 ministrorum
943 2532 1183 2619 praedictorum.
1210 2533 1245 2598 N
1247 2555 1292 2612 oa,

241 2645 259 2671 “
281 2635 430 2702 volentes
460 2635 498 2700 in
531 2632 708 2723 praemissio
740 2633 897 2702 festinum
922 2635 1104 2704 remedium
1135 2635 1292 2714 adhiberi,

241 2747 259 2774 ‘⁸
281 2738 376 2805 vobin
401 2737 769 2819 mendemrn,fi1miter
791 2737 1011 2826 injungentes,
1043 2739 1140 2826 qnod,
1168 2739 1294 2806 vocatis

241 2847 258 2880 ‘⁸
281 2840 526 2908 discretioribus
540 2845 575 2908 et
596 2839 805 2928 legalioribna
819 2841 955 2923 civibus,
972 2847 1044 2908 tam
1059 2840 1294 2908 Aidermannie

242 2953 258 2980 ‘⁴
283 2965 381 3030 quam
419 2943 493 3008 aliia
530 2942 571 3010 de
609 2942 699 3009 dicte
731 2943 869 3010 civitate
905 2965 974 3010 non
1011 2943 1178 3030 suspectis,
1211 2965 1293 3030 quoe

242 3055 260 3082 ‘¹
283 3045 445 3113 duxeritis
482 3046 672 3125 evocandos,
712 3067 772 3132 per
805 3043 1064 3131 Inquisitionem
1109 3044 1292 3132 legitimam

241 3157 260 3185 “
282 3150 359 3216 inde
382 3149 581 3237 capiendam,
606 3150 635 3215 ai
663 3169 792 3216 necesse
813 3147 923 3227 fuerit,
945 3149 1001 3213 vel
1022 3147 1097 3214 aliie
1119 3147 1226 3214 modia
1247 3148 1293 3216 le-

241 3259 259 3290 “
281 3251 416 3340 gitimia,
442 3274 502 3319 voe
524 3251 713 3318 informatio
760 3250 807 3318 Et
828 3250 858 3317 ai
886 3249 1081 3317 inveneritis
1103 3249 1207 3318 dictos
1229 3250 1295 3338 pie·

241 3365 258 3392 “
282 3355 427 3422 canarios
461 3355 503 3421 de
534 3353 672 3422 Wharfa
694 3353 854 3444 predicta
887 3375 986 3440 anper
1006 3352 1199 3420 venditione
1222 3354 1292 3442 pie·

241 3467 259 3496 “
283 3459 370 3524 cium
407 3458 451 3523 ad
483 3458 648 3526 retalliam
683 3459 725 3525 do
765 3479 853 3524 novo
892 3455 1068 3544 impeditos
1098 3477 1177 3536 ecee,
1207 3458 1293 3524 sicut

241 3569 260 3600 “
282 3561 478 3648 praedictum
500 3565 558 3640 eet,
582 3561 636 3626 vel
666 3561 755 3648 quod
783 3559 934 3626 venditio
957 3559 1146 3646 hujusmodi
1168 3557 1292 3626 ibidem

240 3670 258 3700 “
281 3665 326 3731 eit
348 3663 391 3730 ad
413 3663 619 3730 commodum
645 3667 803 3742 nostrum,
827 3667 1032 3749 magnatum,
1056 3667 1091 3727 et
1113 3683 1292 3749 procerum,

242 3777 260 3804 “
282 3789 320 3835 ac
349 3766 463 3855 populi
500 3773 536 3834 et
566 3767 793 3834 ministrorum
830 3771 1018 3832 nostrornm
1048 3765 1291 3852 predictorum,

242 3877 262 3908 “
284 3874 364 3937 tunc
401 3870 437 3938 id
459 3871 548 3956 quod
579 3871 623 3936 ad
654 3889 825 3936 commune
859 3868 1018 3934 damnum
1044 3867 1225 3956 impeditur
1254 3870 1291 3934 in

241 3982 260 4010 “
282 3978 408 4041 statum
445 3972 596 4040 debitum
636 3971 752 4060 reponi
788 3971 918 4038 faciatis
954 3969 1100 4037 indilate
1161 3969 1208 4036 Et
1248 3971 1293 4038 ad

242 4086 260 4116 “
283 4077 452 4165 praemisse
481 4075 639 4156 faciende,
679 4075 911 4142 associavimue
942 4073 1038 4140 vobis
1077 4071 1213 4140 dilectos
1258 4077 1293 4140 et

242 4189 260 4218 “
283 4181 397 4248 fideles
416 4184 556 4259 nostroe,
581 4177 786 4246 Willelmnm
809 4178 850 4244 de
881 4175 984 4243 Herle
1007 4180 1042 4241 et
1073 4173 1292 4242 Humfridnm

242 4289 260 4320 “
283 4284 323 4350 de
357 4282 544 4362 Waledene,
577 4287 612 4348 et
641 4303 753 4348 eorum
782 4281 933 4362 ultorum,
966 4299 1057 4366 quoe,
1091 4278 1146 4344 vel
1179 4299 1292 4346 eorum

241 4395 259 4424 ‘⁸
282 4385 432 4465 aiterum,
471 4385 516 4451 ad
556 4383 618 4451 hoc
658 4385 696 4451 in
737 4383 841 4451 socios
888 4381 943 4448 vel
980 4381 1018 4447 in
1065 4379 1191 4448 eocinm
1233 4379 1293 4448 ad·

239 4496 258 4527 ‘⁸
280 4489 449 4569 mittatie3
479 4487 599 4577 quibus
620 4486 859 4564 mandavimus,
892 4485 981 4573 quod
1006 4482 1082 4572 ipsi,
1103 4483 1159 4550 vel
1180 4505 1294 4550 eornm

241 4601 259 4628 ‘⁴
282 4591 375 4675 ulter,
413 4613 482 4659 una
517 4591 688 4658 vobiscum
726 4590 770 4659 ad
818 4590 881 4656 hoo
924 4587 1104 4654 intendant
1141 4587 1197 4654 vel
1241 4587 1295 4654 ina

241 4701 260 4731 “
280 4695 408 4762 tendet
472 4691 519 4762 Et
553 4695 594 4762 de
632 4715 670 4762 eo
704 4692 796 4782 qnod
827 4693 907 4760 inde
935 4689 1089 4772 feceritis,
1127 4711 1189 4760 noa
1231 4690 1294 4759 rub
