3600 5822
455 856 521 929 ms
790 878 893 930 muru
915 878 1160 930 cusruusuun
1303 861 1362 956 [14
1378 885 1464 934 now.
1476 883 1516 934 11.

291 1113 411 1159 ,mm
502 1069 629 1148 Postea,
665 1071 710 1136 ad
740 1070 829 1136 diam
863 1070 957 1137 illum
988 1071 1084 1138 venit
1114 1073 1291 1160 pradictus
1325 1073 1444 1152 Homo,
1474 1079 1513 1140 ct

291 1166 407 1260 {¹523}ss
457 1172 610 1239 similiter
651 1173 810 1260 praedicta
843 1175 1062 1240 communitus
1095 1175 1269 1255 sumonita
1302 1181 1372 1255 etc,
1405 1177 1511 1255 venit,

290 1265 426 1360 fflffl'
458 1279 493 1341 et
514 1297 549 1341 sc
574 1275 689 1364 jungit
712 1275 849 1362 praelato
874 1275 1022 1342 Hemoni
1053 1277 1091 1341 in
1112 1278 1298 1366 praemissis
1354 1280 1399 1346 Et
1422 1280 1512 1345 idem

291 1368 413 1472 pppnon·
459 1378 571 1444 Hamo
593 1384 629 1445 et
650 1380 866 1444 communitas
899 1377 983 1445 bene
1005 1380 1170 1446 advocant
1191 1381 1378 1468 captionem
1400 1387 1514 1448 custu-

459 1503 522 1548 mae
543 1481 720 1569 praedictae,
745 1481 902 1569 capiendo
925 1481 966 1547 de
988 1481 1167 1569 pistoribus
1189 1489 1225 1549 et
1248 1483 1323 1550 aliis
1349 1486 1390 1551 de
1413 1485 1515 1550 liber-

459 1590 530 1651 tate
553 1584 701 1650 civitatis
724 1584 971 1652 Londoniarum
996 1605 1100 1650 unum
1124 1585 1258 1651 obolum
1281 1608 1342 1673 pro
1364 1587 1514 1673 quolibet

459 1687 626 1776 quarterio
658 1687 817 1754 frumenti
850 1686 1011 1753 molendo.
1057 1685 1149 1752 Dicit
1184 1689 1282 1768 enim,
1315 1690 1404 1775 quod
1433 1689 1513 1774 quia

460 1793 576 1858 datum
607 1787 673 1856 fuit
704 1788 847 1875 intelligi
870 1788 1014 1855 Domino
1041 1789 1126 1878 Regi
1148 1789 1322 1870 Eduardo,
1347 1793 1512 1878 quondum

461 1893 544 1981 Regi
567 1891 706 1979 Angliae,
731 1889 843 1978 ¹patri
876 1891 1013 1956 Domini
1044 1892 1144 1979 Regis
1174 1914 1271 1972 nnnc,
1302 1915 1389 1960 anno
1419 1894 1513 1982 regni

294 2018 388 2082 misser
460 1997 606 2085 ejusdem
631 1995 731 2081 Regis
754 1999 822 2071 etc,
849 1994 896 2073 1⁰,
924 2015 990 2081 quo
1013 1999 1161 2082 tempore
1184 1995 1321 2081 quidam
1345 1996 1513 2063 Henricue

292 2069 448 2176 ppppprus
458 2100 491 2166 le
503 2097 625 2164 Walais
636 2097 736 2162 'dum
751 2095 816 2161 fuit
832 2094 939 2181 Major
954 2095 1110 2176 civitatis,
1124 2099 1212 2184 quod
1227 2099 1307 2185 quia
1320 2100 1465 2186 pistores,
1478 2105 1514 2164 et

460 2203 665 2280 braciatores,
681 2221 719 2266 ac
744 2198 982 2278 molendinarii,
1007 2200 1117 2264 minus
1143 2201 1227 2266 bene
1251 2202 1372 2289 saepius
1397 2224 1432 2267 se
1454 2203 1513 2267 ha-

461 2305 606 2374 buerunt
629 2304 663 2370 in
679 2301 792 2368 officiis
806 2300 873 2367 siris
894 2299 931 2366 in
953 2299 1090 2367 civitate
1104 2301 1271 2388 praedicta
1287 2303 1376 2369 idem
1391 2303 1508 2368 Domi-

293 2417 401 2464 crearer
461 2431 525 2474 nus
548 2407 629 2486 Rex,
652 2411 756 2492 pater,
787 2409 857 2484 etc,
880 2402 1053 2469 mandevit
1086 2423 1146 2490 per
1173 2402 1274 2468 breve
1304 2427 1401 2470 suum
1430 2411 1514 2471 tunc

292 2465 393 2512 nomi
401 2465 429 2520 1.,

209 2535 213 2542 ¹
293 2519 432 2614 &dna
460 2510 579 2596 Majori
602 2514 638 2575 et
660 2505 915 2574 vicecomitibus
938 2503 1192 2585 Londoniarum,
1215 2507 1303 2592 quod
1325 2508 1513 2594 hujusmodi

292 2619 348 2712 gn
356 2617 433 2712 'iffae
459 2613 605 2700 pistores,
621 2609 829 2686 braciatores,
846 2611 882 2674 ct
902 2607 960 2672 alii
975 2606 1207 2687 malefactores,
1225 2630 1285 2696 per
1306 2632 1421 2697 poenas
1442 2633 1512 2677 cor-

292 2680 434 2814 ξθῖἷῖᾶξὲζ
458 2712 585 2804 porales
607 2717 642 2778 et
664 2711 731 2776 alia
745 2709 881 2798 flagitia,
900 2709 1003 2797 juxta
1017 2711 1247 2777 discretionem
1269 2710 1415 2799 ipsorum
1438 2713 1509 2780 Ms-

291 2781 375 2865 fflu·
454 2817 538 2905 joris
560 2819 595 2881 ct
617 2813 857 2882 vicecomitum
888 2811 1101 2900 providenda,
1132 2811 1340 2903 punirentur,
1364 2821 1400 2882 et
1421 2817 1509 2903 quod

459 2920 571 2994 omnia
600 2917 698 2984 blada
731 2915 884 2982 molendo
918 2916 962 2982 nd
997 2915 1188 2984 molendina
1221 2919 1310 2985 infra
1340 2919 1511 2986 civitatem

459 3023 661 3113 praedictem,
685 3024 720 3086 et
742 3025 845 3098 extra,
876 3039 935 3106 per
956 3019 1085 3107 pondus
1110 3020 1330 3089 liberarentur
1351 3023 1511 3089 molendi·

458 3126 570 3206 uariis,
593 3126 644 3192 ita
663 3123 752 3211 quod
771 3121 872 3188 iidem
895 3121 1126 3189 molendinarii
1145 3124 1186 3190 de
1207 3125 1317 3191 ferino
1338 3125 1416 3192 inde
1436 3148 1512 3214 pro-

318 3249 429 3302 uoco.
459 3230 615 3306 veniente
637 3249 696 3316 per
718 3224 847 3313 pondus
870 3225 1040 3294 consimile
1062 3226 1307 3314 responderent.
1353 3227 1400 3294 Et
1420 3228 1510 3308 dicit,

460 3334 549 3422 quod
571 3353 613 3400 ex
636 3351 701 3418 quo
733 3328 860 3416 placuit
890 3328 962 3415 ipso
992 3329 1137 3397 Domino
1171 3329 1255 3418 Regi
1290 3330 1380 3418 quod
1410 3330 1512 3398 blada

459 3436 618 3514 molendo
635 3434 720 3502 sicut
735 3430 928 3522 praedictum
952 3437 1012 3513 est,
1028 3432 1248 3500 liberarentur
1262 3433 1512 3501 molendinariis

458 3560 517 3628 per
531 3537 667 3626 pondus,
679 3535 858 3624 praedictus
870 3534 1043 3616 Henricus,
1056 3539 1137 3602 tunc
1152 3535 1268 3622 Major,
1285 3541 1320 3602 et
1329 3536 1512 3606 Vicecomi-

457 3647 510 3710 tes
532 3639 786 3716 Londoniarum,
819 3635 861 3702 de
900 3657 1035 3753 pascum
1066 3638 1315 3706 communitatis
1345 3639 1511 3706 Londoni·

290 3739 959 3954 §sucurrerunt
972 3737 1512 3930 trinutum

290 3913 429 4060 &iffi
456 3949 602 4038 pondera
624 3952 659 4014 et
680 3945 846 4016 belancias
876 3944 919 4009 ad
949 3943 1139 4032 hujusmodi
1167 3946 1268 4012 bleda·
1288 3945 1511 4034 ponderanda,

457 4057 493 4120 et
508 4051 622 4118 domos
636 4049 832 4116 conduceret
846 4045 883 4114 in
899 4047 1019 4134 quibus
1035 4048 1231 4116 dictnblada
1241 4049 1511 4136 ponderarentur‚

341 4201 342 4204 =
457 4177 516 4243 per
531 4155 662 4220 diversa
683 4152 755 4218 loca
777 4151 813 4218 in
828 4149 965 4216 civitate
979 4149 1148 4240 praedicta,
1166 4154 1202 4216 et
1216 4149 1382 4218 inveniret
1396 4153 1509 4220 minis·

457 4263 527 4324 tros
550 4257 593 4324 ad
615 4253 805 4343 hujusmodi
827 4250 1001 4341 Posagium
1028 4251 1234 4334 faciendum
1258 4259 1292 4320 et
1314 4255 1403 4342 quod
1426 4279 1510 4343 prse-

457 4361 567 4428 dictus
597 4359 713 4446 Major,
745 4377 805 4444 pro
836 4356 996 4422 custubus
1025 4360 1062 4421 et
1091 4354 1243 4442 expensis
1264 4355 1302 4421 in
1323 4355 1385 4424 hac
1414 4363 1510 4444 porte

454 4461 620 4543 faciendis,
637 4460 820 4550 perciperet
834 4460 875 4526 de
890 4459 1038 4545 quolibet
1061 4457 1192 4545 pistore,
1209 4464 1245 4524 et
1267 4459 1420 4526 omnibus
1435 4461 1512 4528 aliis

485 4688 611 4744 ¹Written
619 4685 794 4754 patriaiuthe
804 4684 921 4756 original.
966 4682 972 4751 Ι
1018 4681 1390 4747 'Thlsuordiasuperfluouu
