3624 5824
472 923 537 986 208
809 937 912 987 arens
934 936 1180 989 cusmnmmr.
1333 921 1391 1012 [31
1409 941 1493 992 nnw.
1506 945 1526 992 r.

297 1148 349 1232 qqp
363 1135 459 1240 offis
471 1133 489 1161 “
512 1147 586 1190 rum
610 1125 843 1213 praedictarum
858 1129 1032 1205 terrarum,
1049 1129 1083 1190 et
1107 1124 1286 1212 Inquisitio
1310 1127 1382 1192 fieri
1398 1127 1525 1207 debeat,

297 1239 436 1284 memma
471 1234 489 1264 “
512 1229 557 1295 sit
580 1229 741 1294 medietas
757 1227 989 1314 Inquisitionis
1012 1228 1054 1292 de
1077 1227 1199 1292 eisdem
1222 1230 1468 1307 mercatoribus,
1492 1235 1526 1296 et

469 1337 489 1366 “
512 1331 673 1396 medietas
696 1329 801 1396 altera
815 1330 856 1395 de
879 1330 953 1394 aliis
968 1330 1079 1417 probis
1095 1335 1128 1394 et
1151 1329 1313 1416 legalibus
1336 1332 1526 1400 hominibus

298 1461 419 1505 ammaon
470 1442 487 1470 “
509 1434 572 1500 loci
594 1435 684 1500 illius
706 1435 766 1500 ubi
800 1433 958 1520 placitum
982 1432 1066 1498 illud
1089 1453 1156 1498 esse
1191 1433 1375 1520 contigerit.
1423 1435 1469 1500 Et
1498 1437 1526 1500 si

298 1513 440 1608 diffisa
469 1545 487 1572 “
509 1539 551 1604 de
588 1537 824 1604 mercatoribus
861 1536 1024 1602 dictarum
1053 1541 1225 1601 terrarum
1259 1559 1417 1603 numerus
1458 1559 1525 1604 non

297 1617 421 1708 &illailla
470 1641 702 1706 “inveniatur
725 1639 895 1718 sufficiens,
919 1645 1089 1727 ponantur
1110 1640 1146 1703 in
1171 1638 1451 1725 Inquisitionibus
1475 1641 1524 1706 illi

297 1713 378 1762 roano.
469 1751 486 1778 “
510 1744 568 1830 qui
591 1743 701 1808 idonei
735 1743 956 1808 inveniuntur
990 1741 1124 1821 ibidem,
1159 1747 1194 1807 et
1216 1742 1347 1820 residui,
1372 1744 1459 1808 sicut
1483 1745 1524 1808 dc

469 1855 486 1882 “
509 1846 583 1912 aliis
606 1847 703 1911 bonis
737 1844 928 1911 hominibus
963 1849 997 1908 et
1023 1844 1151 1910 idoneis
1178 1844 1218 1908 dc
1243 1844 1321 1910 locis
1341 1845 1400 1910 ubi
1424 1846 1525 1932 placi-

468 1957 487 1986 “
508 1953 582 2014 turn
606 1949 775 2015 illuderit

298 2071 437 2166 miquo
513 2060 531 2087 “
554 2051 651 2130 Item,
675 2052 838 2129 volumus,
863 2050 1063 2128 ordinamus,
1096 2054 1130 2114 et
1153 2051 1343 2128 statuimus,
1379 2051 1467 2136 quod
1489 2054 1524 2116 in

296 2171 456 2268 qqqffisdqq
470 2162 488 2188 “
510 2155 660 2241 qualibet
675 2155 755 2220 villa
770 2152 964 2219 mercatoria
979 2158 1014 2218 et
1028 2151 1111 2216 feria
1126 2153 1220 2239 regni
1234 2154 1341 2220 nostri
1363 2154 1523 2240 praedioti,

297 2273 455 2367 fflffl'ssl
470 2266 488 2293 “
511 2264 545 2322 et
576 2257 657 2323 alibi
680 2257 765 2322 infra
795 2260 994 2342 potestatem
1025 2258 1184 2334 nostram,
1214 2257 1345 2342 pondus
1374 2262 1523 2322 nostrum

351 2335 400 2370 Μ’
470 2361 658 2426 “incerto
685 2361 755 2425 loco
771 2363 924 2445 ponatur,
940 2363 976 2422 et
1002 2362 1080 2422 ante
1105 2357 1376 2445 ponderationem
1400 2365 1524 2426 statera

470 2471 489 2498 “
512 2463 548 2526 in
571 2461 747 2549 praesentia
772 2461 932 2546 emptoris
956 2464 991 2527 et
1014 2460 1201 2526 vendItoris
1227 2481 1332 2526 vacua
1346 2463 1502 2528 videatur
1514 2489 1523 2546 ;

469 2573 486 2600 “
509 2570 544 2630 et
567 2566 655 2650 quod
675 2563 810 2630 brachia
830 2562 900 2627 sint
922 2563 1072 2648 aequalia,
1089 2567 1124 2628 et
1151 2585 1193 2628 ex
1217 2569 1299 2628 tunc
1322 2563 1523 2651 ponderator

468 2667 669 2753 “ponderet
701 2667 738 2730 in
772 2665 901 2752 aequali.
958 2665 1102 2730 Etcum
1127 2669 1285 2732 stateram
1318 2669 1465 2754 posuerit
1486 2671 1521 2734 in

467 2777 485 2806 “
507 2769 635 2856 aequali,
667 2768 781 2835 statim
812 2773 1001 2833 ammoneat
1031 2789 1148 2832 manus
1178 2789 1262 2846 suas,
1287 2767 1338 2834 ita
1359 2770 1448 2856 quod
1472 2793 1521 2836 rc-

296 2905 414 2950 Parmos
466 2877 640 2939 “maneat
664 2873 700 2937 in
727 2870 856 2958 aequali.
918 2869 1080 2957 Quodque
1114 2892 1172 2957 per
1194 2874 1303 2936 totum
1327 2893 1466 2958 regnum
1489 2879 1523 2938 et

296 2957 440 3060 littlttl'
467 2980 707 3064 “potestatem
738 2980 886 3040 nostram
918 2994 1022 3038 unum
1053 2973 1097 3038 sit
1119 2973 1248 3060 pondus
1275 2979 1310 3040 et
1332 2995 1400 3040 una
1430 2997 1523 3041 men·

296 3058 447 3154 lfflmld
470 3088 487 3116 “
512 3102 610 3160 sura;
641 3084 676 3144 et
703 3079 798 3164 signo
828 3075 1001 3142 standardi
1024 3077 1130 3142 nostri
1160 3077 1353 3163 signentur3
1376 3084 1411 3144 et
1434 3079 1521 3165 quod

468 3183 649 3269 “quilibet
675 3180 778 3268 possit
802 3179 922 3245 babere
957 3183 1118 3246 stateram
1145 3180 1244 3246 unius
1275 3183 1466 3266 quarteroni
1487 3188 1521 3248 et

467 3293 485 3320 “
508 3285 601 3364 infra,
626 3284 685 3350 ubi
716 3287 830 3348 contra
862 3282 1032 3348 dominum
1067 3281 1139 3362 loci,
1163 3287 1223 3347 aut
1252 3281 1440 3348 libertatem
1464 3306 1522 3371 per

467 3397 485 3424 “
507 3410 568 3452 nos
601 3409 659 3452 seu
690 3391 910 3451 antecessores
947 3391 1077 3451 nostros
1109 3405 1300 3465 concessam,
1337 3385 1420 3452 illud
1453 3409 1520 3452 non

466 3500 485 3526 “
507 3490 614 3568 fuerit,
639 3491 709 3554 sive
733 3493 849 3554 contra
863 3487 1018 3552 villarum
1044 3492 1106 3552 aut
1129 3486 1286 3554 feriarum
1313 3490 1521 3556 consuetudi-

466 3602 583 3658 “nem
606 3593 765 3657 hactenus
790 3589 1010 3655 observatam.

295 3723 435 3769 russatus
510 3705 528 3732 “
551 3695 649 3775 Item,
675 3694 830 3760 volumus
854 3697 888 3758 et
911 3692 1126 3770 concedimus,
1152 3692 1241 3778 quod
1263 3694 1382 3780 aliquis
1413 3701 1520 3762 certus

295 3775 430 3870 diffidi
466 3809 484 3836 “
505 3799 613 3876 bomo,
636 3796 744 3862 fidelis
767 3801 802 3861 et
825 3795 992 3872 discretus,
1026 3794 1206 3862 Londoniis
1237 3795 1390 3874 residens,
1419 3799 1520 3886 assig-

294 3877 430 3971 pppqquso
466 3911 483 3938 “
504 3905 603 3967 netur
617 3897 819 3965 Justiciariis
835 3897 1071 3962 mercatoribus
1086 3899 1297 3980 memoratis;
1320 3920 1430 3964 coram
1454 3923 1520 3986 quo

294 3979 437 4082 diffidi}
466 4004 642 4071 “valeant
673 4000 859 4089 specialiter
892 4000 1050 4087 placitare
1082 4005 1116 4065 et
1147 4000 1261 4068 debita
1291 4023 1352 4066 sua
1374 4003 1522 4069 celeriter

291 4091 367 4185 labii
398 4080 451 4172 ‘iil
466 4118 483 4144 “
506 4127 704 4194 recuperare,
721 4103 751 4169 si
779 4102 996 4170 Vioeoomites
1021 4106 1056 4168 et
1081 4101 1189 4188 Major
1215 4105 1261 4172 eis
1288 4125 1357 4172 non
1381 4105 1519 4172 fecerint

293 4179 444 4281 {illim
466 4219 484 4246 ‘¹
506 4212 546 4277 de
569 4209 622 4274 die
653 4207 689 4272 in
714 4205 803 4272 diem
835 4205 949 4271 celeris
974 4204 1122 4292 justitiae
1153 4207 1453 4293 complementum
1486 4215 1520 4275 et

294 4281 415 4425 {attilia
465 4322 483 4350 “
505 4312 583 4378 inde
605 4312 667 4378 fiat
696 4309 889 4387 commissio
913 4314 1010 4374 extra
1036 4307 1196 4376 Chartam
1227 4315 1422 4395 praesentem
1446 4333 1519 4378 con-

294 4392 450 4476 eililime*
465 4425 483 4452 “
505 4436 628 4482 cessam
654 4411 893 4480 mercatoribus
919 4411 1105 4490 antedictis,
1137 4411 1262 4478 scilicet
1286 4413 1327 4478 de
1356 4413 1422 4481 hiis
1445 4436 1519 4501 quae

464 4523 585 4584 “sunt
609 4517 698 4582 inter
712 4519 910 4580 mercatores
933 4519 968 4580 et
982 4518 1181 4580 mercatores
1208 4515 1388 4580 secundum
1412 4516 1517 4603 legem

465 4620 734 4687 “mercatoriam
761 4616 959 4683 deducenda

294 4759 346 4811 say
354 4756 434 4804 ntus
510 4731 529 4759 ‘⁴
552 4725 647 4802 Item,
695 4721 922 4787 ordinavimus
960 4724 996 4785 et
1043 4719 1232 4800 statuimus,
1265 4728 1299 4785 et
1338 4719 1518 4786 ordinatio·

313 4808 445 4905 serbiina
465 4831 483 4866 “
503 4847 581 4892 nem
603 4825 694 4892 illam
717 4828 951 4910 statutamque,
967 4843 1027 4908 pro
1053 4821 1149 4892 nobis
1176 4826 1210 4890 et
1233 4821 1420 4892 haeredibus
1443 4845 1517 4894 nos-
