3648 5816
644 897 754 950 risse
777 898 821 948 or
844 897 1031 950 ccrrrrrs.
1318 881 1360 952 5⁷

354 1084 479 1151 XXIV.
504 1083 587 1149 ’ΒΘ
610 1082 701 1149 Novi
724 1105 799 1150 eum
821 1084 951 1151 Veilies.

355 1186 462 1254 XXV.
485 1185 568 1252 ’ΒΘ
592 1185 793 1253 Lendfisshe.

356 1288 482 1353 XXVI.
507 1289 591 1354 ’ΒΘ
613 1287 706 1354 Pisce
728 1293 840 1375 empto
863 1291 960 1355 extre
983 1287 1097 1352 Metus.

355 1390 502 1456 XXVII.
527 1389 611 1456 ’ΒΘ
634 1389 827 1457 Stcckeriis.

356 1492 524 1560 XXVIII.
549 1491 633 1559 ’ΒΘ
656 1493 843 1560 Extraneis.

356 1594 483 1662 XXIX
508 1593 591 1661 ’ΒΘ
615 1595 771 1662 Detellio.

356 1697 464 1764 XXX
488 1697 570 1763 ’ΒΘ
595 1696 722 1764 Welkis
744 1695 852 1764 coctis.

313 1915 477 2006 vapicen
504 1913 780 1985 ordinatinem
800 1915 842 1983 <ie
856 1914 1082 1994 Pisceocric's,
1099 1915 1283 2002 sectorem
1301 1937 1367 2003 pec·

556 2017 763 2106 &recoctum
788 2020 827 2086 de
853 2017 1037 2106 Rokeoye,
1063 2025 1120 2086 ete

356 2175 485 2242 XXXI.
511 2173 595 2242 ’ΒΘ
618 2175 767 2264 Prolog0.

357 2278 506 2346 XXXII.
532 2277 616 2343 ’ΒΘ
639 2276 918 2366 Leghehefimote.

357 2380 527 2447 XXXIII.
550 2379 631 2446 ’ΒΘ
654 2381 747 2447 Pisce
770 2379 926 2449 Recente.

359 2483 519 2550 XXXIV.
544 2483 628 2547 ’ΒΘ
651 2481 884 2549 Fomtelleriis.

358 2585 498 2652 XXXV.
524 2584 606 2650 ’ΒΘ
629 2584 722 2650 Pisce
745 2585 782 2650 in
803 2583 906 2650 Navi.

358 2686 520 2753 XXXVI.
544 2686 627 2752 ’ΒΘ
649 2685 880 2753 Advocatione
903 2686 1015 2752 Piscis,

357 2788 539 2855 XXXVII.
563 2787 647 2854 ’ΒΘ
671 2788 805 2867 Oistres‚
829 2787 972 2869 Welkes,
996 2794 1031 2855 et
1052 2788 1251 2875 hujusmodi.

360 2889 561 2957 XXXVIII.
585 2889 666 2956 ’ΒΘ
689 2889 782 2956 Pisce
809 2889 920 2957 clerieo
943 2889 979 2956 in
1003 2890 1162 2959 Peneriis.

358 2991 520 3060 XXXIX
546 2992 627 3058 ’ΒΘ
650 2991 840 3060 Petusioun.

360 3097 429 3163 XL.
454 3095 537 3161 ’ΒΘ
561 3095 653 3161 Pisce
675 3100 850 3162 noctanter
872 3095 1026 3164 veniente
1048 3097 1085 3164 in
1108 3097 1254 3165 Betellis.

357 3198 449 3264 XLI.
474 3197 555 3264 ’ΒΘ
578 3197 726 3264 Peneriis
747 3197 965 3286 hospitandis.

358 3299 469 3368 XLII.
494 3300 575 3366 ’ΒΘ
598 3301 799 3388 Lampredis

360 3402 490 3472 XLIII.
513 3401 595 3470 ’ΒΘ
619 3403 729 3471 Curiis
752 3425 866 3470 eorum
888 3404 1051 3472 tenendis.

359 3507 480 3573 XLIV.
508 3505 590 3572 ’ΒΘ
613 3507 839 3593 Apprenticiis
862 3507 1096 3574 sustentandis.

359 3607 462 3675 XLV.
487 3608 571 3675 ’ΒΘ
594 3607 751 3696 Porchep.

359 3709 479 3778 XLVI.
513 3710 594 3777 ’ΒΘ
618 3711 902 3779 Consentionibus
924 3711 1214 3800 Apprenticiorum
1249 3713 1368 3781 irrotu-

316 3811 432 3880 lendis.
1141 3867 1144 3874 .

360 3916 502 3984 XLVII.
526 3915 608 3983 ’ΒΘ
630 3915 765 3983 Abbete
788 3918 829 3983 de
852 3916 976 3985 Sancto
999 3917 1140 3986 Albano,

360 4019 523 4088 XLVIII.
547 4019 629 4086 ’ΒΘ
645 4019 785 4087 Ceretto
800 4018 931 4104 Alienis,
947 4026 1008 4090 etc

360 4123 483 4190 XLIX
508 4122 590 4188 ’ΒΘ
606 4121 759 4210 Sprettis

361 4227 401 4293 L.
424 4227 477 4292 De
493 4225 789 4294 conservatoribus
805 4225 1018 4293 Stetutorum
1033 4224 1115 4294 dicti
1129 4223 1245 4292 Officii

572 4441 624 4511 De
641 4441 933 4512 Ordimtiooitos
948 4443 1099 4512 oetion.

362 4599 418 4664 LI.
465 4596 517 4664 De
539 4597 622 4666 Rete
638 4619 697 4686 pro
713 4599 855 4666 Smeltis.

364 4700 430 4766 LII
433 4752 440 4765 .
464 4701 516 4767 ΒΘ
532 4701 635 4789 Signo
649 4701 790 4768 duorum
806 4701 986 4768 Pollicium.

363 4803 459 4868 LIII.
483 4803 535 4870 ΒΘ
551 4803 655 4892 Signo
666 4803 764 4870 unius
780 4803 911 4871 Pollicis
926 4805 960 4869 et
974 4803 1113 4872 dimidii.
1186 4843 1188 4850 ·
