3600 5822
502 877 569 942 260
849 893 953 946 amno
973 891 1221 947 cusronsnum
1342 876 1403 964 [12
1418 891 1504 944 now.
1520 891 1558 942 ιι.

503 1086 522 1118 “
546 1079 798 1147 ‘liberationem
815 1081 1007 1149 Marescsdli.
1053 1082 1128 1148 Hoc
1143 1081 1245 1148 etiam
1260 1081 1308 1147 eis
1326 1079 1554 1158 concessimus,

505 1191 522 1219 ‘⁴
546 1184 659 1270 ‘quod
681 1205 793 1250 omnes
816 1183 903 1250 cives
919 1184 1164 1251 Londoniarnm
1185 1184 1255 1250 sint
1276 1184 1382 1270 quieti
1404 1183 1446 1250 de
1460 1182 1554 1249 theo-

504 1295 523 1324 “
546 1285 669 1368 ‘lonio,
685 1286 837 1374 lastugiO,
853 1291 887 1352 et
910 1287 1000 1352 omni
1018 1287 1085 1352 alia
1100 1285 1347 1364 consuetudine,
1359 1307 1418 1372 per
1440 1305 1554 1351 onmes

502 1394 522 1426 “
545 1397 553 1424 ‘
568 1393 674 1455 terres
688 1393 826 1468 nostrus,
837 1389 921 1455 citra
935 1411 1025 1454 mere
1040 1394 1075 1454 et
1089 1387 1186 1466 ultra,
1199 1394 1234 1454 et
1248 1409 1308 1475 per
1317 1393 1432 1474 portus
1443 1386 1552 1466 maris,

502 1498 519 1526 “
544 1490 654 1556 ‘citra
679 1511 770 1556 mare
792 1495 828 1555 et
843 1491 954 1571 ultra;
977 1495 1012 1557 et
1027 1490 1116 1577 quod
1132 1490 1243 1555 nullus
1265 1489 1308 1555 de
1330 1488 1554 1554 misericordia

502 1597 520 1628 ‘⁴
543 1596 552 1629 ‘
567 1592 715 1678 pecuniae
741 1591 913 1677 judicetur
942 1592 1008 1657 nisi
1043 1593 1223 1658 secundum
1252 1591 1359 1679 legem
1397 1591 1553 1669 civitatis,

501 1699 520 1730 “
543 1699 552 1730 ‘
567 1715 666 1781 quam
680 1692 870 1760 habuerunt
895 1699 1044 1781 tempore
1060 1693 1160 1781 Regis
1176 1692 1322 1772 Henrici,
1343 1692 1400 1757 avi
1416 1691 1553 1758 Henrici

503 1802 521 1833 “
546 1795 680 1882 ‘Regis
696 1795 751 1860 avi
775 1795 902 1876 nostri3
925 1799 959 1862 et
981 1796 1071 1883 quod
1092 1795 1129 1860 in
1151 1796 1288 1862 civitate
1311 1795 1348 1860 in
1369 1794 1462 1860 nullo
1484 1793 1553 1881 pla-

502 1903 521 1934 “
545 1898 636 1963 ‘cito
658 1896 703 1964 sit
736 1896 995 1986 Miskenningu3
1026 1903 1062 1963 et
1098 1897 1187 1984 quod
1219 1897 1432 1984 Hustengunr
1455 1895 1554 1961 semel

503 2005 522 2038 “
547 2004 705 2066 ‘tantum
719 2000 754 2064 in
769 1999 977 2066 bebdomada
998 2003 1175 2080 tenentum
1199 2005 1233 2065 et
1248 1999 1338 2086 quod
1352 2003 1456 2064 terras
1479 2019 1554 2063 suas

502 2111 520 2140 ‘¹
544 2107 603 2168 ‘et
638 2107 780 2183 tenuras,
815 2106 850 2168 st
883 2102 1082 2180 vadimonia,
1111 2107 1145 2168 et
1172 2100 1286 2167 debite
1323 2101 1435 2167 omnia
1461 2098 1553 2185 juste

503 2212 522 2241 “
545 2203 724 2286 ‘habeant
751 2203 940 2290 quicunque
965 2204 1012 2269 eis
1037 2203 1179 2285 debeat3
1202 2207 1237 2271 et
1266 2204 1355 2290 quod
1385 2201 1427 2268 de
1456 2201 1555 2267 terris

505 2313 523 2344 ‘⁶
547 2307 639 2372 ‘suis
669 2311 704 2374 et
739 2307 879 2388 tenuris,
920 2327 994 2392 quae
1033 2303 1120 2371 infru
1154 2306 1271 2373 urbem
1304 2309 1393 2384 sunt,
1425 2309 1554 2369 rectum

504 2418 524 2447 ‘⁸
548 2409 620 2474 ‘cis
661 2413 825 2489 tenentur,
858 2407 1039 2474 secundum
1076 2407 1347 2474 consuetudinem
1385 2406 1554 2487 civitatis3

503 2517 523 2550 “
546 2516 606 2576 ‘et
646 2511 735 2596 quod
772 2510 815 2576 de
845 2509 1000 2576 omnibus
1037 2508 1159 2576 debitis
1197 2531 1273 2596 quae
1309 2507 1554 2576 accommodata

504 2618 521 2648 “
547 2611 696 2676 ‘fuerint
730 2612 820 2697 apud
859 2611 1055 2690 Londonias,
1097 2616 1132 2679 et
1169 2611 1210 2678 de
1252 2611 1454 2678 vadimoniis
1490 2608 1553 2676 ibi-

502 2721 520 2748 “
545 2713 644 2778 ‘dem
676 2713 782 2794 factis,
821 2711 943 2800 placito
972 2714 1096 2780 ibidem
1130 2718 1313 2780 teneantur.
1359 2713 1456 2778 Etsi
1479 2711 1554 2797 quis

501 2821 521 2851 “
545 2813 604 2879 ‘in
646 2812 759 2900 aliqua
802 2818 965 2881 terrarum
1010 2820 1207 2895 nostrarum,
1243 2816 1327 2881 citra
1371 2835 1462 2880 mare
1498 2813 1554 2879 vel

503 2925 522 2953 “
546 2916 668 2997 ‘ultra
682 2917 754 2982 sive
777 2917 813 2981 in
839 2919 1002 3004 portubus
1025 2917 1133 2997 maris,
1150 2917 1233 2984 citro
1256 2939 1346 2984 mare
1373 2916 1428 2982 vel
1454 2916 1551 2994 ultra,

503 3025 522 3055 '¹
545 3019 774 3085 ‘theolonium
803 3018 858 3086 vel
895 3020 1040 3106 aliquam
1078 3020 1177 3085 aliam
1211 3019 1479 3086 consuetudinem
1509 3019 1552 3084 ab

503 3131 519 3158 “
543 3120 757 3187 ‘hominibus
784 3120 1029 3187 Londoniarum
1060 3121 1191 3209 ceperit,
1222 3127 1398 3209 postquam
1427 3122 1497 3208 ipse
1532 3143 1553 3186 a

503 3230 522 3260 “
546 3229 659 3290 ‘recto
689 3221 853 3301 defecerit,
880 3222 1098 3289 Vicecomites
1128 3223 1374 3290 Londoniarnm
1404 3222 1552 3288 namium

499 3333 518 3365 “
543 3325 644 3392 ‘inde
674 3325 763 3412 apud
793 3324 981 3391 Londonias
1010 3325 1151 3412 capiant
1209 3324 1426 3391 Concedimus
1451 3325 1552 3390 etiem

500 3439 518 3464 “
543 3429 623 3508 ‘eis
657 3428 746 3516 quod
768 3427 914 3493 habeant
947 3425 1131 3514 fugationes
1165 3449 1240 3492 suas
1270 3427 1469 3513 ubicumque
1498 3449 1553 3494 eas

500 3537 519 3568 “
543 3536 552 3567 ‘
567 3529 755 3596 habuerunt
769 3535 916 3616 tempore
939 3529 1040 3616 Regis
1054 3528 1202 3610 Hearici,
1218 3529 1275 3596 avi
1290 3519 1437 3596 Henrici'
1444 3529 1551 3618 Regis,

500 3641 519 3669 “
542 3633 622 3698 ‘avi
651 3633 764 3698 nostri
811 3631 951 3719 Insuper
974 3631 1084 3710 etiarn,
1112 3631 1155 3698 ad
1184 3631 1448 3698 emendationem
1471 3634 1552 3698 civi-

499 3740 519 3771 “
542 3735 654 3814 ‘tatis
685 3734 730 3800 cis
760 3734 975 3800 concessimus
1004 3733 1094 3821 quod
1123 3755 1235 3800 omnes
1272 3735 1339 3800 sint
1376 3735 1481 3821 quieti
1511 3735 1553 3802 de

500 3842 521 3873 “
545 3835 725 3916 ‘Britbtol,
749 3841 785 3902 et
813 3837 855 3902 de
886 3836 1073 3917 Childwite,
1101 3842 1136 3904 et
1165 3837 1206 3904 de
1229 3836 1416 3924 Yeresgive,
1448 3844 1482 3904 et
1511 3839 1552 3903 de

504 3945 523 3975 “
546 3947 555 3976 ‘
570 3937 711 4019 Scotale,
726 3936 776 4004 ita
791 3938 881 4024 quod
896 3938 1083 4005 Vicecomes
1097 3943 1210 4005 noster
1227 3939 1483 4020 Londouiarum,
1499 3942 1553 4006 vel

501 4047 521 4078 “
544 4040 687 4127 ‘aliquis
709 4039 794 4104 alius
816 4039 967 4119 ballivus,
985 4040 1113 4107 Scottis
1135 4063 1203 4107 non
1220 4041 1327 4108 faciet
1374 4041 1446 4108 Has
1468 4064 1553 4129 prae-

502 4150 523 4181 “
547 4143 677 4208 ‘dictas
700 4142 953 4209 consuetudines
979 4143 1027 4210 eis
1046 4145 1270 4226 concessimus,
1287 4149 1322 4210 et
1343 4165 1455 4210 omnes
1470 4145 1552 4211 alias

503 4253 520 4281 “
544 4245 738 4312 ‘libertates
762 4251 796 4311 et
825 4245 945 4310 liberas
974 4246 1228 4312 consuetudines
1257 4268 1338 4331 quas
1363 4246 1553 4314 habuerunt

504 4355 524 4386 “
548 4353 718 4436 ‘ternpore
734 4347 834 4434 Regis
851 4346 997 4426 Henrici,
1014 4349 1070 4414 avi
1086 4347 1225 4414 Henrici
1240 4347 1349 4436 Regis,
1366 4350 1423 4415 avi
1437 4351 1550 4427 nostri,

501 4459 519 4488 ‘¹
541 4451 696 4538 ‘quando
719 4449 869 4516 meliores
894 4455 929 4515 et
954 4449 1122 4516 liberiores
1148 4473 1204 4517 eas
1227 4451 1436 4533 habuerunt;
1466 4453 1553 4520 sicut

501 4561 519 4590 “
544 4552 693 4620 ‘Ohsrta
717 4551 853 4618 Domini
868 4550 1040 4630 Johsnnis,
1064 4551 1171 4639 Regis,
1196 4554 1300 4640 patris
1321 4555 1434 4634 nostri,
1451 4577 1551 4640 quam

502 4663 520 4692 “
544 4655 646 4720 ‘inde
676 4654 808 4732 hubent,
838 4653 1083 4720 rationabiliter
1108 4659 1258 4722 testatur.
1313 4655 1424 4737 Quare
1457 4658 1550 4723 volu·

502 4763 522 4797 “
545 4765 651 4840 ‘mus
681 4761 716 4824 et
744 4757 884 4825 firmiter
908 4755 1124 4846 praecipimus,
1149 4757 1238 4845 quod
1267 4758 1331 4846 ipsi
1352 4764 1387 4826 et
1408 4759 1553 4828 hoeredes
