3600 5822
261 837 465 926 launum]
489 851 688 904 ausuram
711 853 780 903 run
803 851 899 904 nunu
921 851 995 903 suu
1018 851 1185 904 esserra.
1244 838 1307 903 341

260 1039 278 1065 “
300 1055 405 1120 scopo,
424 1056 484 1121 pro
506 1035 650 1102 remedio
674 1035 794 1102 animae
816 1057 898 1101 meae
914 1039 948 1101 et
963 1034 1068 1121 patris
1082 1032 1158 1112 mei,
1175 1054 1309 1100 consen-

258 1142 276 1167 “
299 1135 404 1202 tiente
427 1140 463 1203 et
488 1142 655 1203 annuente
679 1137 786 1203 Maria
808 1137 993 1216 Comitissa,
1009 1158 1112 1202 uxore
1133 1159 1214 1215 mea,
1238 1158 1310 1222 per-

259 1244 277 1268 “
300 1237 400 1303 mitto
425 1243 461 1304 et
484 1239 632 1319 concedo,
649 1261 688 1306 eo
710 1244 830 1320 tenore,
847 1244 887 1306 ut
900 1260 961 1327 ego
987 1243 1022 1305 et
1045 1238 1204 1326 praedicta
1225 1261 1311 1304 uxor

260 1345 277 1371 “
302 1361 382 1418 mea,
410 1345 445 1406 et
468 1347 621 1428 parentes
651 1341 765 1422 nostri,
790 1341 831 1407 de
855 1341 1023 1408 beneficiis
1046 1347 1080 1408 et
1103 1342 1308 1408 orationibus
1348 1353 1455 1402 mab.

261 1447 279 1474 “
301 1443 443 1510 ecclesiae
479 1443 595 1511 Sancti
629 1444 736 1525 Pauli,
767 1443 839 1510 sine
879 1445 955 1523 fine,
990 1444 1168 1532 participes
1198 1445 1308 1512 simus.

260 1551 277 1577 “
301 1545 384 1611 Haec
399 1547 561 1613 concessio
575 1547 662 1612 facta
677 1551 727 1612 est
744 1545 933 1625 Londoniis,
945 1546 1021 1612 xiiii
1033 1546 1204 1612 Kalendas
1216 1547 1306 1626 Maii,

259 1653 277 1680 “
299 1647 335 1712 in
362 1648 459 1714 domo
482 1648 642 1716 Willelmi
673 1649 850 1734 Baynardi.
897 1646 959 1714 Hii
981 1653 1060 1715 sunt
1081 1653 1190 1728 testes,
1207 1645 1287 1714 etc'’

303 1748 430 1816 Dicunt
456 1751 557 1816 etiam
580 1750 731 1839 praedicti
755 1751 909 1828 Decanus
932 1755 967 1816 et
993 1749 1193 1839 Capitulum,
1220 1750 1309 1838 quod
1322 1767 1416 1820 nume

1322 1816 1479 1863 mmmmm

258 1851 419 1918 Dominus
464 1852 656 1932 Edwardus,
703 1852 868 1940 quondam
913 1851 987 1919 Rex
1027 1854 1169 1940 Angliae,
1215 1863 1310 1941 pater
1323 1867 1465 1972 gffiffi'

258 1953 395 2019 Domini
435 1955 536 2042 Regis
579 1976 675 2035 nunc,
709 1955 867 2022 conoessit
903 1953 1069 2041 praedictis
1107 1955 1240 2022 Decano
1275 1960 1310 2022 et
1323 1969 1370 2012 Kin
1394 1969 1456 2064 {dio

257 2055 419 2143 Capitu10,
454 2079 514 2144 per
549 2058 695 2124 Litteras
726 2058 829 2146 ipsius
863 2057 973 2146 Regis,
1002 2057 1114 2145 patris,
1142 2058 1299 2126 Potentes
1323 2051 1477 2114 „naccum

1299 2113 1445 2164 ’mmmm

256 2179 316 2244 pro
349 2159 421 2248 ipso
457 2159 547 2247 Rege
580 2164 616 2226 et
638 2160 824 2228 haeredibus
849 2160 925 2240 suis,
953 2161 1042 2247 quod
1075 2160 1178 2226 iidem
1205 2161 1308 2227 Decor
1321 2170 1474 2274 fflglrgp·

257 2282 320 2326 nus
349 2267 388 2328 et
415 2261 607 2348 Capitulum
650 2261 884 2330 Coemeterium
916 2262 1123 2330 Cathedralis
1153 2262 1306 2331 Ecclesiae
1320 2273 1385 2324 rut

256 2362 424 2450 praedictae
454 2363 570 2431 Sancti
600 2365 705 2444 Pauli,
729 2369 765 2432 et
794 2365 1014 2454 praecinctum,
1045 2387 1141 2432 muro
1176 2365 1307 2454 lapideo

256 2465 508 2554 circumquaque
536 2467 711 2548 includere,
743 2472 779 2534 et
814 2467 860 2534 sic
904 2468 1030 2533 inclusa
1067 2467 1130 2534 sibi
1167 2475 1202 2536 et
1231 2491 1301 2537 suc-

256 2569 435 2634 cessoribus
464 2568 532 2634 suis
558 2574 677 2649 tenere,
717 2575 850 2657 possent
877 2570 914 2635 in
938 2575 1145 2658 perpetuum.
1192 2571 1301 2653 Quam

257 2671 389 2756 quidem
419 2671 657 2738 concessionem
688 2671 850 2737 Dominus
882 2672 956 2738 Rex
985 2695 1074 2738 nune
1099 2673 1308 2740 confirmavit

256 2793 315 2858 per
339 2773 498 2839 Chartam
519 2796 621 2854 snam,
637 2774 726 2840 inter
748 2774 829 2839 alias
852 2773 1030 2854 libertates,
1058 2775 1200 2843 ecclcsiae
1222 2799 1305 2864 prae-

255 2874 361 2942 dictae
408 2875 456 2941 Et
469 2875 641 2963 profemnt
664 2875 743 2942 inde
759 2875 918 2944 Chartam
933 2877 1071 2944 Domini
1087 2877 1190 2967 Regis
1204 2900 1302 2962 nuuc,

255 2977 292 3046 in
314 2979 385 3045 haec
406 2979 509 3044 verba
523 3003 578 3046 :-

304 3088 322 3115 “
344 3080 537 3160 Edwardus,
573 3081 637 3149 Dei
659 3082 776 3171 gratia,
801 3087 862 3150 etc.
918 3081 1129 3170 Inspeximus
1160 3082 1420 3152 Litterascmrar

257 3191 276 3222 “
299 3183 454 3250 Potentes
484 3207 566 3271 quas
594 3186 689 3253 bonae
728 3186 892 3252 memoriae
914 3183 1079 3252 Dominus
1114 3185 1307 3265 Edwardus,
1321 3157 1376 3300 {cx
1432 3208 1467 3256 11.

257 3295 275 3324 ‘¹
297 3286 461 3372 quondam
493 3287 567 3353 Rex
580 3287 723 3376 Angue,
749 3293 986 3376 paternoster,
1012 3288 1092 3355 fecit
1114 3288 1247 3356 Decano
1274 3259 1451 3360 essaitha

259 3398 275 3425 ‘⁶
300 3389 453 3478 Capitulo
476 3389 592 3456 Sancti
607 3389 704 3457 Pauli
727 3390 979 3470 Londoniarum‚
996 3391 1034 3457 in
1055 3391 1125 3458 haec
1140 3393 1242 3458 verba
1253 3415 1308 3458 ι-
1320 3359 1455 3463 Cilicis

258 3502 276 3526 “
301 3493 516 3572 ‘Edwardus
534 3493 598 3560 Dei
623 3493 739 3580 gratia,
764 3498 831 3572 etc,
860 3493 1014 3560 omnibus
1040 3495 1084 3560 ad
1114 3516 1195 3581 quos
1224 3516 1307 3583 prae·
1320 3460 1453 3557 mair

259 3605 276 3631 “
302 3601 432 3663 ‘sentes
461 3597 583 3663 litterae
613 3597 834 3684 pervenerint,
865 3597 1013 3665 salutem.
1069 3596 1189 3664 Sciatis
1218 3598 1307 3684 quod

259 3707 276 3734 “
302 3707 399 3764 ‘cum
428 3720 487 3786 per
516 3703 694 3765 nocturnos
723 3699 872 3766 incursus
897 3698 1065 3767 hunnum
1104 3704 1139 3766 et
1162 3700 1303 3766 aliorum

134 3817 136 3824 ’
259 3811 277 3836 “
301 3801 577 3881 ‘malefactorum
607 3823 666 3890 per
694 3801 785 3869 vicos
815 3808 850 3868 et
887 3803 1034 3870 venellas
1062 3803 1099 3868 in
1128 3804 1306 3894 praecinctu

259 3911 276 3940 “
301 3904 515 3972 ‘Coemeterii
533 3905 676 3973 ecclesiae
699 3905 905 3972 Cathedralis
928 3905 1044 3972 Sancti
1066 3904 1162 3971 Pauli
1178 3905 1308 3971 Londo-

258 4015 276 4044 ‘·'
302 4008 463 4088 ‘niarum,
479 4011 514 4073 et
535 4007 573 4072 in
598 4006 795 4076 Coemeterio
813 4007 910 4088 illius,
929 4008 1122 4075 multotiens
1144 4009 1185 4074 de
1209 4012 1307 4074 nocte

258 4123 275 4146 ⁸·
301 4109 525 4198 ‘vagantium
553 4110 736 4190 homicidia,
768 4110 1006 4191 fornicationes,
1047 4116 1081 4177 et
1119 4110 1185 4190 alia¹
1218 4111 1308 4176 mala

257 4224 274 4252 “
300 4215 445 4304 ‘plurios
473 4213 634 4280 haetenus
656 4213 780 4281 fuerint
800 4219 1010 4301 perpetrata;
1043 4218 1080 4281 et
1112 4213 1308 4282 formidetur

257 4327 273 4355 “
299 4319 411 4406 ‘quod
430 4317 537 4383 adhuc
559 4315 750 4396 consimilia,
773 4317 828 4383 vel
842 4315 974 4404 majora,
994 4317 1138 4404 pericula
1159 4339 1219 4405 per
1240 4318 1301 4383 hu-

256 4433 274 4459 “
299 4422 463 4510 ‘jusmodi
484 4422 634 4488 incursus
660 4421 697 4486 in
720 4419 802 4487 vicis
826 4426 861 4486 et
882 4421 1021 4487 vecellis
1052 4420 1088 4486 in
1112 4420 1306 4488 Coemeterio

255 4534 274 4562 “
300 4536 360 4593 ‘ac
374 4527 554 4613 praecinctu
576 4525 742 4612 praedictis
763 4529 922 4613 poterunt
948 4525 1086 4605 evenire,
1110 4525 1176 4592 nisi
1191 4531 1306 4592 contra

256 4638 273 4664 “
300 4629 466 4714 ‘pericula
479 4630 539 4695 illa
551 4629 733 4696 remedium
755 4628 1065 4716 apponatur-Nos,
1082 4630 1124 4694 ad
1148 4631 1305 4698 honorem

256 4740 274 4766 ‘⁴
300 4739 307 4765 ‘
323 4731 386 4798 Dei
409 4737 444 4798 et
458 4732 557 4801 dietae
572 4733 733 4812 Ecclesia,
751 4753 789 4798 ac
804 4731 1000 4799 Sanctorum
1015 4753 1154 4820 quorum
1170 4755 1306 4823 corpora
