3648 5816
482 877 523 940 54
815 889 919 939 unua
941 887 1186 940 cuswmuu.

548 1138 714 1229 Oapitnlc
736 1137 1103 1208 discumbentem
1125 1138 1170 1207 iu
1190 1138 1370 1208 Hclicucto
1392 1159 1463 1206 suc.

524 1311 552 1378 Ι.
577 1311 653 1378 ⁴¹'De
676 1312 815 1379 Duobus
838 1319 872 1380 et
904 1313 1055 1395 Quutucr
1084 1311 1231 1378 Panibus
1261 1311 1447 1378 vendendis
1469 1331 1529 1397 pro

480 1439 546 1481 uno
569 1414 720 1481 Deneiio.

524 1517 571 1582 II.
595 1516 671 1583 *De
694 1517 784 1584 Pane
806 1518 956 1585 Funuetc

525 1619 591 1685 III.
617 1619 693 1687 *Dc
716 1621 835 1708 sigillo
859 1619 997 1687 Pistoris
1019 1621 1172 1708 ponendo
1195 1620 1231 1686 in
1254 1619 1352 1686 Pane

525 1722 612 1788 IIII.
637 1722 714 1789 ⁴¹'De
736 1722 939 1790 Venditione
962 1724 1062 1790 Panis
1084 1723 1120 1790 in
1143 1722 1237 1789 Foro.

341 1818 366 1870 1³.
374 1827 406 1868 ³³·
415 1836 435 1867 ²
524 1825 562 1890 V.
588 1824 665 1891 *De
680 1847 719 1892 eo
738 1827 828 1913 quod
843 1827 954 1893 nullus
968 1827 1113 1893 furniure
1127 1827 1228 1894 fedat
1243 1826 1285 1892 de
1301 1825 1448 1914 Fulgore,
1464 1822 1531 1889 Sti·

477 1927 566 2014 puln,
588 1933 648 1994 eut
670 1929 870 2014 hujusmodi.

523 2029 583 2096 VI.
607 2030 685 2097 ⁴¹'De
708 2031 894 2099 Pistoribus
916 2031 1045 2120 aliquos
1067 2030 1320 2118 hospitantibus.

524 2132 602 2199 VII.
628 2134 705 2200 *De
728 2134 840 2202 Porcis
862 2156 976 2202 eorum
998 2133 1193 2202 nutriendis

522 2236 622 2304 VIII.
647 2237 723 2304 ⁴¹'De
746 2237 987 2326 Regrnterissis

523 2341 582 2406 IX.
608 2340 685 2407 *De
701 2341 931 2409 servientibus
947 2341 1114 2407 Pistcrum
1135 2340 1273 2406 minime
1293 2337 1530 2404 subtrahendis.

523 2443 563 2508 X„
587 2442 664 2510 *De
686 2445 750 2509 hiis
773 2446 832 2530 qui
854 2445 1028 2512 discedunt
1049 2467 1071 2510 e
1092 2443 1256 2510 femuletu
1277 2441 1472 2508 illicentiati.
1796 2445 1797 2450 ’

522 2545 583 2612 XI.
608 2543 689 2611 ⁴¹'De
712 2545 877 2614 Oreenciis
893 2547 1128 2636 Regruteuissis
1144 2545 1308 2613 faciendis.

522 2646 602 2713 XII.
635 2646 716 2714 ⁴¹'De
753 2649 818 2715 hiis
844 2649 902 2736 qui
933 2647 1152 2738 acceptabiles
1189 2653 1269 2716 sunt
1306 2649 1344 2714 in
1377 2649 1534 2736 predicto

479 2749 602 2816 Officio.

521 2852 622 2920 XIII.
655 2854 708 2920 De
732 2853 878 2920 Panibus
913 2853 1048 2942 majoris
1085 2853 1185 2944 pretii
1218 2877 1318 2940 quum
1351 2851 1393 2919 de
1427 2851 1533 2918 Obolc

476 2955 645 3043 capiendis
670 2955 744 3045 e[d]
770 2977 852 3042 opus
887 2956 1140 3037 Viceccmitum,
1164 2961 1326 3044 tunquam
1348 2955 1533 3022 forisfactis

520 3058 641 3124 XIIII
665 3056 746 3124 ⁴¹'De
769 3059 859 3125 Pane
881 3064 979 3126 extra
1004 3059 1196 3126 Londonias
1221 3060 1319 3138 fectu,
1348 3059 1462 3146 ibique
1492 3057 1535 3122 ad

476 3163 690 3228 vendendum
713 3162 894 3249 deportato.

520 3264 593 3331 XV.
616 3263 697 3330 ⁴¹'De
720 3261 811 3330 Pane
836 3264 953 3332 Calido
976 3265 1020 3331 ed
1043 3265 1198 3332 Assnium
1221 3263 1385 3352 capiendo,

521 3365 612 3431 XVI.
636 3367 653 3402 *
668 3365 719 3432 De
742 3367 843 3434 Cistis
859 3367 1087 3434 nutariorum
1110 3369 1148 3434 in
1173 3367 1267 3434 Foro.

520 3467 632 3535 XVII.
658 3468 710 3534 De
737 3491 775 3534 ec
799 3469 889 3557 qucd
917 3471 1091 3538 Turtenius
1117 3471 1247 3538 nullum
1278 3470 1380 3536 ulium
1411 3468 1533 3534 Panem

477 3573 576 3638 faciat
600 3571 644 3637 ad
659 3570 879 3642 vendendum.

519 3674 652 3742 XVIII.
679 3676 729 3742 De
768 3676 859 3744 Pane
890 3677 1069 3745 vendendo
1097 3676 1143 3743 nd
1170 3676 1336 3744 Truncum
1374 3676 1410 3741 in
1449 3674 1534 3740 Foro

475 3777 611 3844 Domini
635 3779 742 3867 Regis

522 3881 616 3946 XIX
639 3882 693 3947 De
730 3881 913 3950 HeIimotis
938 3883 1106 3951 Pictorum
1132 3882 1285 3951 tenendis
1316 3883 1470 3965 Qustuor
1498 3879 1535 3944 in

480 4006 577 4066 nuno,
609 4006 748 4071 quorum
776 3985 925 4053 Primum
950 3993 1029 4054 unte
1057 3986 1194 4054 Festum
1218 3986 1334 4055 Sancti
1365 3984 1535 4054 Michaelis

472 4087 704 4154 celebrandum
727 4093 785 4155 est

516 4190 591 4256 XX.
617 4191 669 4256 De
692 4189 842 4257 Secundo
865 4191 1049 4260 Hulimoto.

516 4293 610 4360 XXI.
635 4294 687 4360 De
709 4293 821 4361 Tertio
844 4293 1026 4363 Halimot0.

515 4395 629 4462 XXII.
653 4396 705 4463 De
732 4396 860 4478 Quarto
885 4395 1066 4464 Helimotc.

517 4498 651 4567 XXIII
676 4499 728 4566 De
754 4499 859 4567 Poena
884 4500 1019 4568 illorum
1041 4493 1099 4588 qui
1122 4517 1192 4569 non
1214 4493 1367 4569 venerint
1393 4501 1437 4569 cd
1451 4525 1534 4593 pree·

473 4599 563 4667 dicta
587 4600 769 4669 Helimotn

517 4702 645 4771 XXIV.
670 4703 722 4772 De
748 4727 787 4772 eo
812 4705 903 4793 quod
929 4705 1048 4790 Pistor,
1073 4703 1115 4774 de
1141 4725 1235 4814 novq
1254 4729 1418 4792 exercens,
1443 4709 1538 4776 debit

471 4828 531 4894 pro
554 4807 696 4876 introitu
715 4831 775 4877 suo
795 4831 899 4876 unum
926 4810 1120 4892 Bescntum,¹
1145 4815 1204 4878 etc.
