3624 5824
301 942 341 1006 31
355 938 489 1028 nnuc]
534 950 750 1005 roomorrou
774 951 819 1004 or
842 949 997 1004 roanou
1018 945 1242 1003 nmcnmra
1288 935 1355 1010 207

301 1153 318 1182 “
342 1147 523 1232 mqursrtro,
550 1142 730 1209 seeundum
755 1165 837 1209 usus
861 1148 896 1209 ot
918 1143 1173 1211 consuetudines
1200 1143 1357 1212 feriarum
1370 1150 1499 1248 migr

300 1257 319 1285 “
341 1255 376 1314 et
397 1247 556 1314 villarum
580 1247 902 1313 mercatoriariarum
924 1247 983 1313 ubi
1007 1247 1135 1314 dictum
1150 1253 1358 1316 contractum
1372 1253 1521 1352 fflfflgfe

301 1361 319 1388 “
341 1351 413 1418 fieri
436 1349 614 1437 contigerit
639 1355 675 1416 ct
700 1350 788 1416 iniri.

345 1461 363 1490 ‘¹
386 1453 483 1534 Ibem,
508 1452 735 1541 promittimus
750 1453 899 1540 praefatis
923 1454 1171 1534 mercatoribus,
1188 1475 1248 1543 pro
1263 1457 1359 1524 nobis
1372 1463 1515 1560 {affin

301 1566 319 1596 “
342 1563 376 1624 et
397 1556 585 1624 haeredibus
609 1558 742 1636 nostris,
759 1557 795 1621 in
809 1561 1014 1644 perpetuum,
1031 1558 1244 1625 concedentes
1271 1561 1520 1662 ‘1¹¹⁰dtittst‘5a

302 1667 320 1697 “
341 1661 469 1728 nullam
499 1662 622 1747 prisam
647 1661 702 1726 vel
726 1661 971 1740 mutationem,
999 1681 1057 1726 sen
1084 1661 1284 1744 dilationem,
1309 1684 1360 1730 oc·
1373 1668 1509 1772 ffiemffl

302 1773 320 1808 “
343 1765 473 1831 casionc
491 1765 597 1851 prisce,
620 1763 661 1830 dc
683 1767 811 1842 caeter0,
828 1763 869 1830 de
892 1763 1120 1844 mercimoniis,
1139 1765 1359 1848 mercandisis,
1373 1781 1447 1814 ”²³¹0-

302 1874 321 1905 “
343 1891 401 1935 scu
427 1867 502 1933 aliis
522 1867 619 1933 bonis
644 1867 720 1947 suia
743 1887 803 1954 per
826 1887 895 1946 nos,
912 1865 967 1933 vel
989 1889 1048 1955 pcr
1063 1867 1167 1933 alium
1182 1889 1240 1935 seu
1269 1871 1359 1951 alios,

303 1980 403 2059 “pro
433 1971 546 2058 aliqua
574 1969 771 2036 necessitate
796 1969 853 2035 vel
884 1991 968 2050 caan,
1002 1974 1120 2036 contra
1149 1973 1360 2040 voluntatem

302 2075 494 2163 “ipsorum
530 2080 751 2140 mercatorum
775 2072 987 2159 aliquatenus
1013 2074 1171 2140 faciemus
1197 2081 1259 2142 aut
1287 2077 1360 2142 ficri

303 2187 321 2212 ‘¹
343 2178 517 2265 patiemur,
543 2177 609 2242 nisi
635 2178 751 2243 stetim
778 2176 887 2243 soluto
911 2177 1018 2264 pretio
1034 2199 1094 2264 pro
1114 2199 1180 2265 quo
1195 2179 1260 2266 ipsi
1275 2201 1359 2246 mer-

303 2286 469 2348 “catores
498 2278 573 2346 aliis
596 2279 786 2365 hujusmodi
811 2280 1027 2346 mercimonia
1050 2281 1194 2346 vendere
1224 2284 1358 2369 possint,

304 2392 323 2419 “
345 2385 399 2450 vel
415 2384 462 2450 eis
477 2383 559 2448 alios
574 2381 764 2461 satisfactio
778 2381 828 2449 ita
843 2384 932 2469 quod
945 2388 1103 2470 reputent
1117 2405 1151 2450 se
1167 2391 1360 2469 contentos3

304 2494 322 2520 ‘⁴
344 2491 378 2553 et
402 2487 491 2573 quod
504 2507 602 2573 super
616 2485 837 2565 mercimonia,
855 2487 1082 2567 mercandisas,
1099 2509 1157 2554 sou
1172 2489 1259 2554 bona
1273 2490 1360 2576 ipso-

303 2599 322 2625 “
344 2611 426 2669 rum,
443 2609 502 2676 per
516 2611 585 2667 nos,
602 2589 657 2654 vel
671 2611 730 2676 per
744 2589 915 2656 ministros
929 2595 1067 2671 nostros,
1084 2591 1144 2656 illa
1159 2592 1360 2679 appreciatio

304 2701 323 2728 ‘¹
345 2698 404 2759 aut
429 2692 608 2759 aestimatio
628 2693 823 2779 imponetur.

350 2802 368 2832 “
392 2795 488 2878 Item,
504 2796 594 2882 quod
609 2815 722 2862 omnes
739 2795 856 2861 bailivi
875 2800 909 2862 et
930 2796 1076 2862 ministri
1100 2799 1263 2879 feriarum,
1280 2801 1359 2868 civi·
1373 2810 1517 2906 ἓξὲξ

304 2903 323 2936 “
345 2904 464 2979 tatum,
481 2899 671 2985 burgorum,
689 2904 723 2964 ot
738 2898 894 2964 villarum
920 2901 1248 2983 mercatoriariarum,
1276 2925 1360 2970 mer·
1373 2913 1528 3018 fflbssue

305 3008 322 3039 “
346 3003 512 3069 autoribus
538 3002 723 3081 antedictis,
752 3003 1032 3088 conquerentibus
1068 3025 1177 3070 coram
1201 3006 1510 3109 0i51oe10·{,¹ssfig{ffioe

305 3113 324 3141 “
346 3125 417 3170 rem
436 3105 608 3192 justitiam
633 3104 759 3170 faciant
774 3105 815 3170 de
838 3104 892 3171 dio
915 3106 952 3170 in
973 3106 1071 3185 diem,
1089 3108 1161 3173 sine
1188 3109 1356 3189 dilatione,
1371 3115 1528 3210 gffipgp

304 3213 323 3245 “
346 3208 526 3274 secundum
542 3208 648 3294 legem
663 3208 902 3289 mercatoriam,
920 3209 961 3274 de
976 3209 1140 3275 universis
1163 3214 1198 3276 et
1220 3211 1359 3298 singulis
1372 3215 1515 3261 neamus.

306 3318 324 3346 “
346 3331 420 3397 quae
450 3331 510 3398 per
536 3311 676 3377 candem
701 3311 809 3398 legem
834 3315 994 3398 poterunt
1015 3312 1199 3379 terminari.
1260 3312 1308 3380 Et
1329 3316 1358 3380 si
1371 3335 1496 3428 {nascor

306 3421 324 3448 “
345 3413 432 3480 forto
462 3411 653 3480 inveniatur
685 3413 832 3480 defectus
863 3415 900 3479 in
937 3414 1049 3501 aliquo
1079 3415 1278 3482 ballivorum
1304 3419 1358 3483 vel
1371 3387 1506 3489 offitii}

304 3523 322 3552 “
344 3516 571 3584 ministrorum
593 3515 836 3604 praedictorum,
854 3517 940 3584 unde
957 3517 1059 3584 iidem
1081 3524 1285 3600 morosiores,
1303 3523 1357 3587 vel
1370 3488 1521 3633 ῗέοέἓὲἶῢ

306 3627 324 3654 “
346 3641 459 3686 eorum
480 3621 608 3706 aliquia,
626 3619 797 3685 dilationis
823 3621 1030 3687 incommoda
1053 3622 1280 3705 srmtiuuerint,
1303 3599 1527 3734 velkgffiau

305 3727 323 3758 “
345 3723 551 3800 sustinuerit,
567 3721 646 3787 licet
661 3725 824 3790 mercator
838 3743 953 3789 versus
975 3729 1102 3812 partem
1125 3726 1163 3790 in
1184 3726 1358 3814 principali
1370 3741 1520 3837 ffiltlpffi

304 3833 323 3861 “
345 3825 555 3912 recupaverit
571 3823 695 3890 damna
717 3846 784 3904 sua,
806 3825 1022 3892 nihilominus
1044 3827 1196 3908 ballivus,
1221 3830 1277 3897 vel
1298 3829 1359 3896 mi·
1521 3823 1526 3836 '

306 3935 324 3963 “
345 3928 450 3994 nister
465 3928 559 4006 nlius,
583 3947 696 3993 versus
718 3949 785 4008 nos,
806 3934 905 4016 prout
927 3930 1084 3996 delictum
1106 3931 1219 4020 exigit,
1243 3935 1359 4020 punia-

307 4036 324 4064 “
346 4032 422 4111 tur;
457 4035 492 4096 ct
525 4029 733 4116 punitionem
764 4032 864 4097 istam
898 4033 1105 4100 concedimus
1138 4035 1175 4100 in
1211 4035 1357 4102 favorem

307 4135 324 4166 “
347 4136 566 4197 mercatorum
587 4131 833 4220 praedictorum,
865 4153 925 4222 pro
957 4154 1070 4203 eorum
1088 4137 1225 4225 justitia
1247 4143 1356 4206 matu-

305 4239 323 4269 “
347 4234 459 4300 rande.

352 4341 371 4372 “
394 4337 490 4416 Item,
506 4338 595 4422 quod
610 4338 646 4402 in
662 4337 815 4406 omnibus
837 4339 1012 4428 generibus
1033 4343 1238 4428 placitorum,
1266 4343 1357 4413 salvo
1394 4355 1421 4400 1²·
1428 4355 1501 4402 wab-

304 4445 324 4477 ιτ
346 4459 423 4507 mu
453 4437 600 4505 criminis
632 4462 692 4528 pro
724 4463 791 4528 quo
825 4443 1007 4529 infligenda
1029 4445 1075 4510 sit
1096 4467 1197 4534 poena
1229 4417 1463 4536 mortimffloe

1369 4504 1522 4574 excopttbose

305 4549 324 4578 “
347 4541 406 4608 ubi
428 4546 590 4609 mercator
619 4544 834 4631 inplacitatus
860 4545 961 4612 fuerit
984 4546 1038 4612 vel
1060 4549 1163 4614 alium
1185 4551 1507 4639 inplacitacrsoerrm

304 4651 323 4682 “
345 4646 440 4726 verit,
464 4645 696 4734 cujuscumque
730 4647 929 4715 conditionis
952 4648 1040 4716 idem
1062 4651 1277 4740 inplacitatus
1299 4679 1356 4752 cxf
1369 4625 1524 4769 &winr-

305 4755 324 4786 “
345 4749 463 4829 titerit,
495 4754 673 4816 extraneus
705 4749 761 4817 vel
781 4750 940 4840 privatam,
962 4753 999 4820 in
1020 4755 1188 4841 nundinis,
1211 4759 1357 4829 civitati-
1369 4774 1517 4869 fflairrw

307 4857 327 4890 “
350 4853 421 4935 bin,
448 4852 520 4922 sive
542 4853 665 4940 burgis,
688 4851 749 4921 ubi
771 4853 873 4923 fucrit
894 4855 1057 4927 mffioiens
1079 4861 1175 4951 copis
1195 4837 1489 4982 mtrfflwfflffss‘
