3462 5836
226 867 363 930 itanu.
377 863 429 952 11]
457 877 607 930 mamre
631 877 676 928 or
697 879 766 926 nnn
787 877 879 928 tuan
901 871 1140 924 nupiunman.
1214 859 1280 922 423

224 1067 437 1132 tilamentum
457 1086 564 1145 suum,
588 1087 687 1152 super
702 1063 790 1152 quod
816 1067 979 1152 operatur,
996 1085 1055 1149 pro
1070 1063 1167 1126 firma
1182 1061 1282 1147 Regia

223 1169 450 1256 acquietanda,
478 1169 650 1236 consuevit
664 1189 834 1234 remanere
859 1168 896 1231 in
925 1166 1026 1231 Gilda
1050 1165 1208 1253 praedicta
1222 1185 1282 1250 pro

226 1277 300 1337 rata
325 1272 487 1358 portionis
511 1273 616 1338 firmae
647 1293 721 1338 euae.
769 1271 815 1336 Et
830 1271 956 1350 dicunt,
988 1269 1077 1355 quod
1107 1267 1136 1332 ei
1163 1266 1282 1352 aliquis

225 1373 421 1442 burellariua
458 1373 616 1441 detulerit
647 1375 690 1440 ad
728 1373 816 1460 ipses
842 1373 977 1440 telarioe
1014 1372 1108 1437 filum
1146 1369 1282 1455 aliquod

223 1477 414 1554 texendum,
439 1477 504 1564 ipsi
527 1477 644 1556 telarii,
669 1498 727 1564 per
749 1498 862 1543 eorum
885 1475 1030 1542 Ballivoa
1046 1481 1080 1540 et
1101 1473 1278 1551 ministros,

226 1577 348 1647 debent
370 1579 581 1666 supervidere
604 1580 698 1645 filum
720 1581 814 1660 illud,
838 1579 866 1644 ei
900 1579 946 1644 ait
977 1578 1102 1645 bonum
1136 1581 1171 1642 et
1194 1597 1278 1642 com-

226 1687 340 1769 petens
362 1703 471 1749 necne.
529 1683 574 1749 Et
612 1683 640 1748 ei
670 1683 756 1750 forte
778 1703 837 1770 per
859 1683 1003 1768 aliquem
1035 1681 1076 1746 de
1100 1680 1198 1746 Gilda
1220 1701 1280 1745 sua

226 1785 415 1872 hujusmodi
441 1787 536 1853 fflum
559 1786 670 1852 minue
693 1785 818 1852 bonum
849 1786 893 1851 ad
924 1785 1105 1851 texendum
1127 1788 1279 1870 ponetur,

225 1893 306 1954 tuuc
321 1889 444 1954 debent
460 1889 584 1954 Bailivi
600 1889 707 1956 Gildae
722 1889 891 1976 praedictae
906 1888 1018 1954 videre
1034 1893 1069 1954 et
1092 1888 1281 1953 examinare

225 1995 394 2056 texturam
416 1991 492 2057 telae
515 1991 612 2070 illiue,
637 1996 780 2078 operatae
806 1992 847 2056 de
872 1991 1061 2078 hujusmodi
1084 1990 1141 2055 filo
1171 1989 1281 2054 minue

227 2093 323 2158 bono.
385 2093 483 2158 Etsi
511 2094 703 2160 inveniatur
729 2093 876 2160 defectus
901 2094 942 2160 de
969 2094 1026 2159 fiio
1051 2092 1105 2158 vel
1135 2097 1279 2170 textura,
1419 2111 1421 2118 “

225 2198 308 2261 tunc
331 2195 440 2260 solent
465 2194 590 2261 Beliivi
620 2196 773 2283 praedioti
796 2195 986 2282 hujusmodi
1008 2197 1172 2262 defectum
1194 2217 1280 2260 nun-

227 2301 315 2366 ciare
343 2300 463 2387 Majori
499 2301 747 2368 Londoniarum
759 2325 768 2383 ;
800 2305 858 2390 qui
881 2327 990 2370 coram
1013 2325 1059 2380 eo,
1094 2323 1153 2390 per
1176 2323 1281 2367 sacra

229 2408 380 2469 mentum
405 2426 464 2470 sex
486 2403 737 2472 banellariorum
760 2411 794 2471 ct
825 2428 884 2472 aex
908 2411 1087 2486 textorum,
1119 2404 1218 2470 debet
1241 2405 1281 2469 de

230 2506 420 2591 hujusmodi
435 2505 616 2574 defectibus
631 2510 805 2596 inquirere,
822 2513 857 2574 et
879 2533 937 2596 per
952 2533 1064 2576 eorum
1079 2509 1282 2574 veredictum

229 2608 419 2695 adjudicare
431 2634 440 2690 ;
477 2613 512 2674 et
543 2609 737 2676 burellariua
761 2611 819 2697 qui
847 2611 926 2677 fecit
948 2612 1042 2676 filum
1064 2611 1156 2688 illud,
1185 2611 1284 2675 debet

230 2715 400 2780 amerciari
445 2734 554 2781 coram
600 2715 724 2802 Majore
762 2715 805 2782 ad
840 2717 1011 2782 dimidiam
1050 2737 1203 2798 maroam,
1249 2720 1284 2780 et

229 2817 426 2904 [operarius]
446 2817 642 2905 ‚hujusmodi
677 2819 753 2885 telae
777 2821 949 2886 consuevit
983 2820 1097 2908 puniri
1121 2841 1180 2907 per
1203 2819 1282 2884 Bal-

227 2920 311 2986 livoa
334 2919 442 2986 Gildae
457 2921 635 3008 praedictae,
652 2922 1119 2988 secundumconsuetudinem
1137 2921 1285 3008 ejusdem

229 3021 345 3088 Gildae.
401 3021 447 3087 Et
479 3023 507 3088 ai
538 3025 651 3110 panni,
687 3025 741 3089 vel
779 3025 879 3110 peoiee
913 3025 1027 3110 panni,
1055 3026 1095 3090 de
1125 3023 1203 3089 lana
1236 3023 1286 3088 Ie·

229 3123 338 3211 panim
360 3123 470 3189 mixta
491 3145 565 3191 cum
589 3125 666 3190 lana
680 3126 875 3212 Anglicana,
891 3128 976 3191 fiant
998 3127 1042 3190 ad
1064 3125 1284 3204 vendendum,

230 3226 339 3313 Major
361 3228 509 3294 civitatis
544 3227 801 3308 londoniarum,
826 3228 869 3292 ad
892 3227 1184 3294 denunciationem
1209 3228 1286 3294 Bel-

228 3329 373 3395 livorum
399 3329 508 3397 Gildee
530 3331 706 3418 praedictae,
731 3331 831 3396 debet
853 3331 1006 3396 similiter
1027 3330 1204 3417 inquirere,
1228 3352 1287 3418 per

229 3455 287 3499 eex
309 3433 443 3499 talarius
472 3437 507 3500 et
528 3455 588 3499 sex
601 3433 803 3512 harenariae,
821 3433 862 3498 de
884 3433 1073 3520 hujusmodi
1096 3433 1285 3512 defectibus,

232 3541 267 3602 et
304 3557 415 3602 coram
453 3537 567 3602 eodem
606 3535 744 3622 Majore,
782 3537 840 3622 qui
881 3557 941 3622 pro
987 3541 1134 3623 tempore
1176 3536 1284 3616 fuerit,

229 3637 329 3705 debet
351 3637 535 3724 adjudicari
558 3638 602 3704 ad
626 3637 892 3704 comburendum.

275 3741 321 3806 Et
344 3741 467 3820 dicunt,
492 3741 582 3827 quod
605 3741 670 3828 ipei
693 3741 803 3807 telarii
825 3739 922 3806 liberi
937 3741 1073 3807 fuenmt
1095 3763 1116 3807 a
1138 3745 1286 3830 tempore
1299 3752 1422 3848 ¹³22ssqu

231 3843 389 3931 praedicto
404 3843 448 3909 ad
463 3845 639 3910 emendum
655 3848 689 3910 et
704 3844 915 3910 vendendum
930 3845 966 3909 in
982 3844 1172 3924 Londoniia,
1184 3847 1286 3911 libere
1299 3815 1362 3948 {⁰123st
1369 3816 1456 3948 1131-ιο

232 3952 267 4011 et
297 3947 417 4032 quiete,
450 3946 563 4011 omnia
587 3969 661 4032 quae
688 3944 922 4033 pertinuerunt
948 3949 990 4013 ad
1014 3947 1156 4014 officium
1181 3917 1428 4027 (1111111111ξίῗιξίἷξ

232 4048 317 4115 neue
354 4049 411 4114 aar
441 4047 537 4114 neeri
574 4049 729 4116 ereata.
792 4050 838 4116 aa
860 4051 985 4129 erema,
1014 4051 1104 4137 quoe
1134 4052 1287 4138 prauae
1300 4006 1455 4160 iffqigrjjiq

232 4151 349 4232 telarii,
366 4153 428 4218 sub
443 4152 550 4219 colore
574 4152 683 4220 Gildae
699 4173 768 4220 euae
783 4153 961 4241 praedictae,
973 4153 1045 4240 jam
1067 4155 1197 4221 circiter
1212 4177 1285 4220 xxx
1299 4158 1435 4212 neumam.

231 4281 335 4326 annos
351 4259 486 4348 elapsos,
502 4259 592 4326 inter
613 4281 647 4326 ee
676 4259 911 4340 ordinaverint,
927 4283 987 4348 pro
1012 4283 1124 4328 eorum
1139 4263 1283 4350 proficuo

232 4363 401 4451 eingnrlmi,
422 4363 466 4430 ad
492 4383 664 4430 commune
687 4362 897 4451 dispendium
919 4364 1040 4451 populi,
1065 4367 1153 4451 quod
1175 4367 1286 4432 nullae

232 4487 346 4533 eorum
388 4470 580 4554 operaretur
617 4467 706 4532 inter
748 4465 870 4532 festum
907 4465 1039 4534 Natalia
1077 4467 1214 4534 Domini
1251 4473 1286 4535 et

233 4567 355 4638 fectum
373 4567 615 4638 Pnrifieationis
638 4570 751 4636 Beatae
775 4569 899 4649 Maria,
915 4591 975 4636 nec
998 4572 1100 4636 etiam
1124 4571 1165 4637 de
1187 4576 1286 4639 nocte

236 4692 295 4762 per
333 4673 511 4756 candelam,
558 4695 618 4740 nec
659 4673 760 4740 etiam
810 4678 1024 4760 operarentur
1061 4695 1208 4761 pannum
1247 4674 1289 4739 de

238 4773 554 4846 Candelwikeetrete
575 4775 685 4844 minus
708 4795 808 4865 quam
830 4774 867 4842 in
889 4783 1031 4864 quatuor
1054 4775 1192 4859 diebua3
1214 4797 1289 4844 cum
