3624 5824
469 841 534 912 172
811 856 915 906 ursan
937 854 1183 907 οιιεισιιιιιυιι.
1332 838 1369 926 [9
1382 855 1467 904 now.
1480 851 1516 904 11.

468 1040 586 1106 “inde
603 1041 796 1108 forinsecum
812 1040 1077 1120 adrumentum,
1091 1041 1206 1108 veniat
1220 1041 1263 1106 ud
1280 1040 1515 1108 Goneellariam

296 1093 346 1224 3
347 1095 395 1176 33333
324 1043 474 1234 3,,,3333
477 1147 542 1208 ‘et
564 1143 686 1209 habeut
704 1144 804 1210 breve
827 1144 870 1209 ed
896 1144 1182 1210 summoniendum
1206 1149 1394 1209 warantum
1410 1165 1513 1220 suum,

295 1193 399 1378 33333
398 1236 482 1329 33,333
506 1245 594 1330 quod
616 1246 661 1311 sit
683 1268 793 1313 uorem
815 1246 1018 1312 Justioiariis
1037 1247 1079 1312 de
1095 1245 1205 1312 Banoo
1228 1246 1271 1312 ud
1285 1251 1413 1313 eertum
1428 1247 1515 1312 diem

312 1344 412 1430 3333333
465 1355 484 1380 33
506 1348 549 1412 od
585 1350 848 1435 respondendum
886 1347 928 1414 de
966 1349 1130 1415 warantis
1167 1349 1247 1430 illa;
1280 1353 1316 1415 et
1348 1350 1515 1435 quoddam

466 1457 484 1484 “
506 1449 598 1514 uliud
628 1451 728 1518 breve
764 1450 882 1536 Majori
914 1456 949 1517 et
971 1451 1228 1518 Vioeoomitibus
1259 1452 1387 1517 eivitut'
1363 1457 1407 1518 trs
1433 1473 1515 1538 prae-

465 1557 483 1586 “
507 1551 614 1631 diotre,
633 1554 744 1638 quod'
736 1575 799 1640 1ps1
790 1554 1050 1641 'supersedeant
1071 1554 1212 1639 loquelae
1235 1575 1309 1639 quae
1332 1558 1383 1619 est
1406 1575 1514 1619 coram

464 1661 482 1688 “
505 1654 560 1734 eis,
584 1676 753 1742 quousque
775 1655 905 1741 loquela
936 1657 977 1722 de
999 1655 1161 1721 warentia
1186 1678 1295 1722 coram
1318 1656 1415 1722 dietis
1437 1655 1516 1720 Jus-

465 1765 483 1791 “
505 1757 642 1823 ticiariis
665 1759 884 1839 terminetur3
907 1763 942 1825 et
964 1777 1037 1824 oum
1060 1759 1239 1824 terminate
1261 1758 1370 1838 fuerit,
1387 1757 1515 1823 dicetur

465 1867 483 1894 ⁴‘
507 1866 655 1926 waranto
686 1862 774 1947 quod
806 1866 861 1928 eat
892 1861 928 1926 in
951 1862 1121 1928 civitatem
1144 1861 1234 1926 illam
1261 1865 1296 1927 et
1319 1860 1516 1947 respondeat

466 1971 483 1996 “
506 1963 547 2028 de
570 1963 690 2051 placito
711 1963 1028 2051 principali—prout
1051 1964 1087 2030 in
1110 1963 1247 2030 Stetuto
1273 1963 1431 2051 praedioto
1445 1963 1515 2050 ple·

465 2073 483 2099 “
505 2066 581 2132 nius
618 2068 815 2134 continetur.
863 2067 908 2132 Et
940 2067 1114 2154 postmodo
1145 2066 1234 2132 idem
1264 2071 1360 2154 pater
1393 2071 1515 2146 noster,

464 2176 563 2256 “pro
586 2190 623 2236 eo
651 2169 740 2256 quod
765 2169 969 2238 Ganoellaria
999 2169 1102 2256 ipsius
1135 2170 1242 2257 patris
1265 2169 1372 2235 nostri
1394 2167 1514 2234 multa

463 2272 588 2337 “tiens
611 2272 951 2360 fueratinpartibus
974 2271 1103 2338 Walliae
1136 2277 1171 2337 et
1194 2271 1323 2352 Sootiae,
1348 2272 1515 2338 oooosione

463 2383 480 2408 “
501 2397 695 2461 guerrarum
717 2376 801 2441 inibi
825 2381 1000 2456 motarum,
1023 2374 1074 2440 ita
1103 2375 1193 2460 quod
1222 2396 1353 2441 securus
1375 2375 1418 2440 ad
1441 2395 1515 2440 eam

463 2483 480 2512 ‘⁴
503 2499 570 2542 non
604 2478 716 2565 patuit
749 2499 903 2560 aooessuS,
939 2477 1105 2564 quandam
1140 2476 1384 2543 ordinationem
1418 2497 1515 2563 super

463 2589 480 2613 33
503 2581 655 2646 Articulo
694 2581 825 2647 Statuti
862 2580 1012 2668 praedioti
1044 2579 1131 2658 feeit,
1162 2579 1199 2644 in
1230 2579 1318 2646 huno
1356 2578 1515 2659 modum;

463 2689 481 2716 “
503 2681 666 2764 videlieet,
691 2683 780 2769 quod
803 2705 877 2750 oum
906 2683 1096 2770 hujusmodi
1127 2683 1353 2770 impleritatus
1376 2682 1412 2747 in
1434 2682 1514 2746 eivi-

463 2793 480 2818 “
503 2787 573 2849 tate
596 2784 655 2850 ille
676 2789 811 2851 voearet
833 2785 1029 2852 forinsecum
1060 2785 1103 2852 ad
1127 2790 1323 2866 warantum,
1349 2785 1458 2871 Major
1480 2788 1515 2850 et

462 2891 479 2920 “
504 2885 719 2954 Vioeoomites
741 2887 891 2974 praedieti
913 2893 1024 2976 partes
1053 2909 1162 2954 eoram
1185 2885 1281 2954 dietis
1315 2887 1516 2954 Justioiariis

463 2995 480 3024 “
503 2987 547 3054 ad
569 2996 696 3057 eertum
718 2989 807 3056 diem
830 2989 1052 3077 adjornerent,
1070 2995 1105 3056 et
1127 2991 1299 3057 reeordum
1314 3011 1411 3056 suurn
1426 2990 1512 3068 inde,

463 3097 481 3126 33
503 3114 612 3158 eoram
650 3093 697 3159 eis
723 3091 883 3173 habitum,
910 3093 992 3180 ipsis
1024 3091 1226 3160 Justioieriis
1253 3093 1449 3175 mitterent;
1481 3096 1515 3157 et

463 3203 480 3228 “
503 3195 689 3262 Justioiarii
710 3195 761 3261 illi
791 3194 986 3262 summoniri
1009 3194 1155 3262 sererent
1178 3219 1288 3262 eoram
1313 3195 1361 3262 eis
1383 3217 1514 3262 waran-

463 3308 480 3334 “
502 3305 585 3381 tum,
615 3305 650 3366 et
682 3299 881 3387 placitarent
903 3300 1102 3365 warentiam
1113 3325 1123 3382 ;
1156 3304 1191 3365 et
1224 3300 1331 3387 Major
1361 3303 1396 3365 et
1417 3289 1515 3365 Vise·

464 3411 481 3437 “
504 3402 638 3469 comites
661 3402 711 3467 illi
725 3401 865 3488 loquelae
887 3423 995 3468 eoram
1012 3401 1059 3467 eis
1074 3401 1331 3490 supersederent,
1347 3421 1515 3488 quousque

463 3513 481 3538 “
502 3505 660 3592 plaoitum
684 3505 856 3572 warantiae
879 3504 1124 3586 terminaretur,
1148 3505 1185 3570 in
1207 3504 1312 3571 forma
1333 3505 1512 3592 praedicta:

463 3615 480 3643 “
503 3630 602 3693 quam
625 3607 758 3695 quidem
785 3607 1029 3674 ordinationem
1060 3608 1149 3674 idem
1181 3613 1277 3695 pater
1299 3613 1412 3674 noster
1433 3613 1514 3673 tuno

462 3716 479 3745 “
503 3709 703 3776 Justioiariis
732 3709 801 3776 suis
840 3709 881 3776 de
920 3710 1030 3777 Banoo
1068 3711 1130 3776 sub
1161 3710 1279 3797 Sigillo
1315 3731 1375 3776 suo
1413 3709 1515 3790 misit,

463 3820 480 3846 “
503 3833 613 3878 eoram
636 3813 683 3878 eis
705 3812 741 3877 in
764 3812 952 3899 hujusmodi
967 3813 1097 3878 casibus
1119 3813 1367 3878 observandam.
1407 3811 1510 3899 Cujus

463 3921 481 3950 “
503 3920 680 4003 praetextu,
705 3920 740 3981 et
750 3916 877 3982 virtute
900 3915 1132 3982 mandatorum
1154 3915 1258 4004 ipsius
1280 3915 1384 4002 patris
1398 3914 1516 3995 nostri,

463 4026 480 4052 “
503 4040 600 4105 super
633 4017 694 4083 hoo
724 4017 930 4098 directorum,
955 4025 1025 4085 tam
1060 4039 1168 4084 coram
1201 4017 1402 4084 Justioiariis
1432 4015 1516 4082 dicti

464 4129 481 4157 ‘¹
504 4121 608 4208 patris
630 4119 735 4187 nostri
766 4125 801 4188 et
832 4121 955 4188 nostris
977 4121 1018 4186 de
1051 4119 1171 4200 Beroe,
1195 4119 1240 4186 ad
1261 4120 1383 4208 placita
1405 4141 1514 4189 eoram

463 4231 480 4259 “
502 4225 615 4290 eodem
630 4228 724 4312 patre
739 4229 908 4306 nostrast
922 4223 1095 4312 postmodo
1118 4246 1228 4290 eoram
1250 4223 1355 4305 nobis,
1370 4223 1515 4290 tenenda

462 4333 480 4361 “
502 4327 685 4416 assignatis,
713 4328 823 4416 plures
852 4349 1020 4415 processus
1042 4327 1132 4416 lorti⁴
1153 4325 1415 4407 fuerunt-Nos,
1441 4326 1515 4412 qui-

464 4435 482 4463 “
503 4429 642 4496 busdam
665 4431 763 4497 certis
790 4430 974 4512 decausis,
999 4429 1149 4498 volentes
1177 4429 1515 4518 superordinatione,

464 4539 481 4565 “
504 4532 677 4614 mandatis,
702 4538 737 4600 et
758 4533 962 4622 processibus
990 4531 1168 4615 certiorari,
1191 4531 1286 4599 vobis
1312 4531 1513 4611 mandamus,

464 4639 482 4668 “
504 4634 593 4720 quod
616 4635 771 4703 scrutatis
794 4636 926 4706 Rotulis
948 4635 1113 4704 dlotorum
1136 4635 1160 4704 J
1162 4633 1403 4702 usticiariorum
1433 4633 1516 4702 dieti
