3624 5824
425 869 489 932 142
758 881 861 932 emm
882 867 1150 934 oosrumnuu'
1292 865 1329 953 [6
1339 881 1424 934 unu.
1436 881 1473 932 11.

423 1071 539 1139 dicunt
560 1071 649 1158 quod
670 1074 903 1158 postmortem
925 1069 1074 1158 ejusdem
1089 1069 1218 1149 Leonis,
1241 1069 1332 1136 idem
1346 1091 1473 1136 mesuc-

300 1221 305 1234 .
371 1223 377 1236 .
421 1175 515 1260 gium
559 1174 695 1242 devenit
739 1175 782 1240 ed
825 1195 942 1238 menus
985 1174 1009 1239 J
1011 1173 1089 1252 ooei,
1128 1172 1258 1258 Dioyae,
1297 1173 1401 1254 Isaeo,
1439 1177 1474 1239 et

423 1275 598 1356 Samuelis,
620 1275 643 1342 J
645 1277 824 1355 udaeorum,
848 1275 994 1342 filiorum
1016 1273 1173 1342 videlicet
1194 1274 1339 1341 Abrahoe
1352 1275 1473 1352 Judaei,

422 1379 693 1460 Londoniumm3
715 1383 792 1465 post
814 1383 956 1444 mortem
978 1377 1073 1464 cujus
1095 1377 1231 1464 quidem
1254 1375 1358 1458 Isoec,
1373 1377 1474 1444 unius

421 1481 602 1548 eorundem
623 1481 769 1548 filiorum
784 1481 1079 1568 Abrehae,que1tu
1100 1503 1177 1568 pers
1200 1481 1282 1546 dicti
1303 1480 1473 1568 mesusgii,

422 1606 498 1670 qum
542 1584 759 1670 contingebat
804 1585 914 1671 ipsum
953 1582 1055 1662 Isaac,
1095 1583 1232 1650 devenit
1273 1583 1317 1648 ed
1357 1603 1473 1648 menus

424 1686 524 1774 Regis
552 1685 699 1766 Henrici,
723 1692 884 1774 tunquam
916 1689 1043 1752 esoeete
1071 1706 1150 1765 sue3
1181 1691 1216 1751 et
1252 1685 1472 1772 postmodum,

423 1789 512 1854 idem
538 1789 612 1855 Rex
642 1788 809 1856 Henrious
839 1789 921 1855 emit
953 1788 994 1853 de
1023 1787 1097 1852 eliis
1128 1786 1227 1853 dictis
1257 1788 1365 1852 tribus
1394 1787 1472 1852 filiis

423 1892 505 1957 dicti
527 1891 673 1958 Abrehae
703 1892 851 1958 residuos
880 1895 991 1978 portes
1021 1890 1169 1976 ejusdem
1206 1890 1375 1977 mesuagii,
1409 1911 1472 1977 'pro

423 1993 532 2059 dendo
554 1993 709 2060 videlicet
734 1995 863 2081 integre
885 1992 974 2059 idem
997 1993 1202 2080 mesuagium
1217 1991 1305 2058 dicto
1326 1991 1472 2057 Mortino

423 2093 597 2178 Shonohe3
630 2096 689 2182 qui
726 2097 860 2182 quidem
899 2094 1069 2162 Martinus
1100 2093 1260 2174 Shenche,
1305 2098 1473 2182 praetextu

423 2197 502 2264 doni
524 2197 625 2280 illius,
639 2199 707 2263 fuit
730 2198 809 2265 inde
833 2197 975 2280 seisitus,
1000 2201 1065 2264 eto·
1111 2195 1191 2263 Post
1214 2201 1354 2262 mortem
1370 2195 1473 2282 cujus,

422 2299 592 2367 descendit
615 2299 705 2367 dicto
729 2299 886 2382 Martino,
908 2299 977 2365 filio
1000 2303 1035 2365 et
1056 2297 1191 2380 haeredi,
1216 2304 1287 2380 etc,
1310 2297 1369 2384 qui
1390 2297 1474 2363 illud

423 2402 548 2490 legavit
590 2401 741 2470 Clericise
779 2403 877 2470 uxori
914 2424 990 2484 suso,
1037 2406 1106 2484 etc,
1145 2423 1219 2487 quae
1257 2400 1355 2468 modo
1392 2399 1475 2466 illud

423 2509 610 2582 tenetote

256 2628 399 2682 resumes
468 2605 518 2672 Et
540 2605 639 2672 dotus
662 2611 714 2672 est
737 2607 807 2672 dies
833 2605 1001 2694 praedictis
1035 2605 1157 2693 Majori
1180 2611 1214 2672 et
1241 2603 1474 2672 Aldermennis

255 2679 391 2822 ἷῗὲξέἵωᾱ
423 2708 461 2772 in
482 2707 627 2774 crastino
643 2707 758 2775 Sancti
774 2709 954 2788 Michaelis,
970 2710 1012 2776 cd
1026 2708 1247 2798 recipiendum
1269 2707 1358 2795 quod
1373 2705 1475 2776 Ourin

255 2780 412 2926 iiezffiiiw
424 2809 511 2892 inde,
535 2815 595 2876 etc.

255 2893 328 2928 men.
469 2912 597 2994 Postea,
614 2917 693 2980 ente
717 2913 805 2979 diem
820 2911 924 2994 illum,
942 2912 1106 2982 Dominus
1128 2913 1203 2980 Rex
1224 2913 1400 2980 mandevit
1421 2913 1474 2979 hic

422 3015 522 3083 breve
537 3038 634 3082 suum
655 3016 696 3082 de
712 3015 835 3104 Magno
852 3015 978 3104 sigillo,
995 3017 1085 3104 quod
1104 3021 1154 3084 est
1176 3017 1265 3084 inter
1279 3015 1475 3084 Communia

424 3119 465 3186 de
487 3118 550 3186 hoo
572 3141 667 3199 enno,
683 3119 722 3183 in
735 3117 806 3186 hsec
822 3118 925 3185 verbe
939 3145 993 3186 :-

256 3233 329 3329 nolu
338 3235 399 3282 urit
470 3229 488 3255 “
511 3221 705 3302 Edwardus,
738 3221 802 3286 Dei
838 3223 956 3308 gretie,
991 3221 1065 3288 Rex
1086 3220 1227 3310 Angliae,
1252 3227 1322 3305 etc,
1346 3220 1476 3288 tenenti

254 3287 413 3434 iffi
426 3330 444 3358 “
465 3323 574 3390 locum
611 3323 820 3390 Tbesoururii
857 3330 894 3390 et
916 3324 1102 3392 Beronibus
1133 3325 1201 3392 suis
1224 3325 1265 3391 de
1298 3325 1475 3405 scaccario,

255 3399 400 3531 {thamin
425 3433 443 3461 “
465 3426 611 3492 sulutem.
659 3425 744 3492 Cum
773 3449 885 3516 nuper,
924 3428 968 3492 ed
997 3429 1258 3516 prosecutionem
1281 3429 1404 3494 civium
1441 3434 1476 3493 et

254 3501 414 3636 suffigiit?
426 3535 444 3563 “
466 3527 705 3596 Vioeoomitum
721 3529 869 3596 civitatis
877 3535 1000 3596 nostroe
1017 3530 1272 3608 Londonierum,
1289 3531 1386 3596 nobis
1400 3553 1475 3617 sug-

256 3600 394 3686 ffl'mmeto
426 3638 444 3664 “
465 3632 652 3719 gerentium
667 3631 755 3698 cives
770 3637 805 3698 et
828 3631 1045 3700 vicecomites
1060 3631 1207 3698 civitatis
1229 3633 1396 3721 praedictae
1418 3653 1477 3720 per

256 3690 406 3787 {iiim
426 3739 444 3766 “
466 3738 635 3800 extractas
673 3733 832 3802 Willelmi
876 3735 916 3800 de
948 3733 1105 3816 Eboreco,
1139 3735 1267 3800 dudum
1290 3733 1476 3800 Justiciorii

256 3791 327 3937 ἔξω
339 3843 356 3888 d
369 3796 443 3872 Ἣ
466 3836 604 3902 Domini
628 3836 775 3916 Henrici,
794 3837 961 3923 quondum
985 3837 1087 3924 Regis
1110 3837 1251 3924 Angliae,
1275 3838 1331 3902 evi
1360 3837 1474 3918 nostri,

288 3904 336 3939 ure
425 3947 442 3973 “
467 3939 507 4004 de
530 3940 753 4028 purpresturis
769 3945 804 4004 et
818 3940 954 4004 escsetis
969 3940 1006 4004 in
1029 3938 1167 4006 civitate
1181 3939 1341 4026 praedicte
1362 3937 1473 4019 fectus,

425 4047 443 4076 “
465 4048 500 4107 et
518 4064 578 4130 per
602 4041 746 4108 cundem
770 4041 977 4108 Willelmum
999 4041 1042 4108 od
1066 4041 1271 4108 Sceccerium
1293 4039 1394 4128 ipsius
1418 4040 1474 4106 evi

424 4151 443 4178 ⁴‘
464 4144 580 4224 nostri,
596 4164 683 4210 enno
705 4142 799 4230 regui
824 4143 875 4208 sui
891 4145 1000 4226 xxxi0,
1027 4144 1192 4223 liberatas,
1209 4147 1361 4210 oneratos
1374 4141 1475 4208 fuisse

425 4253 443 4280 “
464 4245 506 4312 de
530 4246 676 4332 quinque
699 4245 817 4310 marcis
839 4268 899 4334 pro
914 4268 983 4311 uno
1005 4247 1174 4334 mesuagio
1197 4247 1234 4312 in
1257 4246 1393 4313 civitate
1416 4245 1475 4310 illo

425 4355 444 4383 “
465 4349 553 4434 quod
586 4349 652 4416 Leo
684 4348 825 4414 Judaeus
855 4349 974 4430 tenuit,
998 4355 1033 4415 et
1067 4349 1157 4435 quod
1178 4347 1245 4414 fuit
1266 4347 1407 4414 Martini
1433 4348 1475 4413 do

422 4458 440 4486 “
461 4451 569 4537 Virly‚
581 4451 616 4516 N
617 4451 777 4531 ormenni,
799 4451 1004 4538 quodetiam
1013 4451 1050 4516 in
1066 4472 1169 4516 manu
1183 4450 1287 4538 ipsius
1299 4451 1355 4516 evi
1369 4449 1475 4516 nostri

424 4560 443 4587 “
465 4553 559 4618 etin
582 4553 731 4619 custodia
753 4553 917 4620 dictorum
939 4553 1061 4619 civium
1084 4559 1119 4619 et
1147 4553 1380 4620 Vicecomitum
1394 4558 1475 4620 tunc

423 4661 443 4690 “
464 4655 591 4736 extitit,
603 4661 727 4720 extunc
737 4656 911 4721 annuatim
920 4655 1086 4722 solvendis
1099 4679 1107 4736 ;
1133 4661 1167 4721 et
1179 4657 1275 4742 quod,
1291 4656 1370 4722 licet
1385 4657 1474 4722 idem

422 4765 442 4794 “
463 4779 547 4824 avus
561 4761 675 4824 noster
693 4758 914 4846 postmodum,
931 4747 991 4826 vi⁸⁰
1013 4758 1067 4825 die
1084 4757 1246 4842 Octobris,
1269 4781 1358 4826 anno
1381 4759 1475 4846 regni
