<?xml version="1.0" encoding="UTF-8"?>
<!DOCTYPE html PUBLIC "-//W3C//DTD XHTML 1.0 Transitional//EN"
    "http://www.w3.org/TR/xhtml1/DTD/xhtml1-transitional.dtd">
<html xmlns="http://www.w3.org/1999/xhtml" xml:lang="en" lang="en">
 <head>
  <title>
</title>
<meta http-equiv="Content-Type" content="text/html;charset=utf-8" />
  <meta name='ocr-system' content='tesseract 3.04.00' />
  <meta name='ocr-capabilities' content='ocr_page ocr_carea ocr_par ocr_line ocrx_word'/>
</head>
<body>
  <div class='ocr_page' id='page_1' title='image "./munimentagildha05librgoog_0315.png"; bbox 0 0 3624 5824; ppageno 0'>
   <div class='ocr_carea' id='block_1_1' title="bbox 287 907 1347 994">
    <p class='ocr_par' dir='ltr' id='par_1_1' title="bbox 287 907 1347 994">
     <span class='ocr_line' id='line_1_1' title="bbox 287 907 1347 994; baseline -0.004 -18"><span class='ocrx_word' id='word_1_1' title='bbox 287 909 331 976; x_wconf 78' lang='lat'><strong>35</strong></span> <span class='ocrx_word' id='word_1_2' title='bbox 344 924 429 974; x_wconf 87' lang='lat' dir='ltr'><strong>now.</strong></span> <span class='ocrx_word' id='word_1_3' title='bbox 443 907 480 994; x_wconf 92' lang='lat'><strong>1.]</strong></span> <span class='ocrx_word' id='word_1_4' title='bbox 498 919 721 974; x_wconf 73' lang='lat' dir='ltr'><strong>cusnavlrcn</strong></span> <span class='ocrx_word' id='word_1_5' title='bbox 735 919 779 970; x_wconf 84' lang='lat' dir='ltr'><strong>or</strong></span> <span class='ocrx_word' id='word_1_6' title='bbox 794 919 944 972; x_wconf 70' lang='lat' dir='ltr'><strong>oraru-ru</strong></span> <span class='ocrx_word' id='word_1_7' title='bbox 959 920 1003 972; x_wconf 81' lang='lat' dir='ltr'><strong>on</strong></span> <span class='ocrx_word' id='word_1_8' title='bbox 1018 921 1249 974; x_wconf 77' lang='lat' dir='ltr'><strong>wmcancuua</strong></span> <span class='ocrx_word' id='word_1_9' title='bbox 1284 909 1347 972; x_wconf 85' lang='lat'><strong>155</strong></span> 
     </span>
    </p>
   </div>
   <div class='ocr_carea' id='block_1_2' title="bbox 291 1105 1490 1810">
    <p class='ocr_par' dir='ltr' id='par_1_2' title="bbox 292 1105 1349 1197">
     <span class='ocr_line' id='line_1_2' title="bbox 292 1105 1349 1197; baseline -0.003 -21"><span class='ocrx_word' id='word_1_10' title='bbox 292 1116 310 1148; x_wconf 82' lang='lat'><strong>‘¹</strong></span> <span class='ocrx_word' id='word_1_11' title='bbox 335 1111 473 1176; x_wconf 87' lang='lat' dir='ltr'><strong>Domini</strong></span> <span class='ocrx_word' id='word_1_12' title='bbox 490 1109 600 1197; x_wconf 83' lang='lat' dir='ltr'><strong>Regis,</strong></span> <span class='ocrx_word' id='word_1_13' title='bbox 624 1107 668 1174; x_wconf 87' lang='lat' dir='ltr'><strong>ad</strong></span> <span class='ocrx_word' id='word_1_14' title='bbox 688 1130 799 1196; x_wconf 86' lang='lat' dir='ltr'><strong>pacem</strong></span> <span class='ocrx_word' id='word_1_15' title='bbox 824 1105 962 1173; x_wconf 89' lang='lat' dir='ltr'><strong>Domini</strong></span> <span class='ocrx_word' id='word_1_16' title='bbox 985 1107 1086 1195; x_wconf 84' lang='lat' dir='ltr'><strong>Regis</strong></span> <span class='ocrx_word' id='word_1_17' title='bbox 1109 1107 1349 1174; x_wconf 77' lang='lat' dir='ltr'><strong>observandam</strong></span> 
     </span>
    </p>

    <p class='ocr_par' dir='ltr' id='par_1_3' title="bbox 291 1210 1490 1603">
     <span class='ocr_line' id='line_1_3' title="bbox 291 1210 1490 1302; baseline -0.002 -23"><span class='ocrx_word' id='word_1_18' title='bbox 291 1219 310 1250; x_wconf 91' lang='lat'><strong>“</strong></span> <span class='ocrx_word' id='word_1_19' title='bbox 332 1214 368 1279; x_wconf 90' lang='lat' dir='ltr'><strong>in</strong></span> <span class='ocrx_word' id='word_1_20' title='bbox 390 1213 527 1302; x_wconf 84' lang='lat' dir='ltr'><strong>civitate</strong></span> <span class='ocrx_word' id='word_1_21' title='bbox 543 1211 791 1278; x_wconf 87' lang='lat' dir='ltr'><strong>Londcniarum</strong></span> <span class='ocrx_word' id='word_1_22' title='bbox 806 1211 1057 1298; x_wconf 82' lang='lat' dir='ltr'><strong>assignatorum,</strong></span> <span class='ocrx_word' id='word_1_23' title='bbox 1083 1216 1183 1297; x_wconf 71' lang='lat' dir='ltr'><strong>prout</strong></span> <span class='ocrx_word' id='word_1_24' title='bbox 1205 1210 1241 1276; x_wconf 91' lang='lat' dir='ltr'><strong>in</strong></span> <span class='ocrx_word' id='word_1_25' title='bbox 1256 1210 1352 1276; x_wconf 88' lang='lat' dir='ltr'><strong>brevi</strong></span> <span class='ocrx_word' id='word_1_26' title='bbox 1395 1230 1490 1277; x_wconf 61' lang='lat' dir='ltr'><strong>acac</strong></span> 
     </span>
     <span class='ocr_line' id='line_1_4' title="bbox 292 1310 1348 1400; baseline -0.006 -18"><span class='ocrx_word' id='word_1_27' title='bbox 292 1321 311 1352; x_wconf 80' lang='lat'><strong>‘¹</strong></span> <span class='ocrx_word' id='word_1_28' title='bbox 334 1315 543 1395; x_wconf 82' lang='lat' dir='ltr'><strong>continetur3</strong></span> <span class='ocrx_word' id='word_1_29' title='bbox 566 1319 601 1380; x_wconf 86' lang='lat' dir='ltr'><strong>et</strong></span> <span class='ocrx_word' id='word_1_30' title='bbox 614 1313 717 1379; x_wconf 86' lang='lat' dir='ltr'><strong>telem</strong></span> <span class='ocrx_word' id='word_1_31' title='bbox 733 1335 772 1379; x_wconf 87' lang='lat' dir='ltr'><strong>ac</strong></span> <span class='ocrx_word' id='word_1_32' title='bbox 786 1317 920 1378; x_wconf 86' lang='lat' dir='ltr'><strong>tantam</strong></span> <span class='ocrx_word' id='word_1_33' title='bbox 935 1311 1145 1400; x_wconf 81' lang='lat' dir='ltr'><strong>diligentiam</strong></span> <span class='ocrx_word' id='word_1_34' title='bbox 1161 1312 1246 1377; x_wconf 86' lang='lat' dir='ltr'><strong>circa</strong></span> <span class='ocrx_word' id='word_1_35' title='bbox 1260 1310 1348 1399; x_wconf 80' lang='lat' dir='ltr'><strong>pacis</strong></span> 
     </span>
     <span class='ocr_line' id='line_1_5' title="bbox 293 1413 1349 1502; baseline -0.004 -19"><span class='ocrx_word' id='word_1_36' title='bbox 293 1415 597 1483; x_wconf 83' lang='lat' dir='ltr'><strong>“observationem</strong></span> <span class='ocrx_word' id='word_1_37' title='bbox 629 1415 824 1502; x_wconf 78' lang='lat' dir='ltr'><strong>apponimus</strong></span> <span class='ocrx_word' id='word_1_38' title='bbox 850 1420 884 1481; x_wconf 88' lang='lat' dir='ltr'><strong>ct</strong></span> <span class='ocrx_word' id='word_1_39' title='bbox 915 1435 1125 1501; x_wconf 76' lang='lat' dir='ltr'><strong>apponemus,</strong></span> <span class='ocrx_word' id='word_1_40' title='bbox 1160 1413 1249 1499; x_wconf 90' lang='lat' dir='ltr'><strong>quod</strong></span> <span class='ocrx_word' id='word_1_41' title='bbox 1279 1419 1349 1480; x_wconf 92' lang='lat' dir='ltr'><strong>tam</strong></span> 
     </span>
     <span class='ocr_line' id='line_1_6' title="bbox 293 1515 1348 1603; baseline -0.003 -20"><span class='ocrx_word' id='word_1_42' title='bbox 293 1517 524 1583; x_wconf 90' lang='lat' dir='ltr'><strong>“incivitate</strong></span> <span class='ocrx_word' id='word_1_43' title='bbox 556 1522 803 1597; x_wconf 81' lang='lat' dir='ltr'><strong>commorantee,</strong></span> <span class='ocrx_word' id='word_1_44' title='bbox 827 1539 927 1603; x_wconf 90' lang='lat' dir='ltr'><strong>quam</strong></span> <span class='ocrx_word' id='word_1_45' title='bbox 950 1516 992 1581; x_wconf 89' lang='lat' dir='ltr'><strong>ad</strong></span> <span class='ocrx_word' id='word_1_46' title='bbox 1023 1517 1146 1581; x_wconf 84' lang='lat' dir='ltr'><strong>dictem</strong></span> <span class='ocrx_word' id='word_1_47' title='bbox 1178 1515 1348 1581; x_wconf 85' lang='lat' dir='ltr'><strong>civitatem</strong></span> 
     </span>
    </p>

    <p class='ocr_par' dir='ltr' id='par_1_4' title="bbox 293 1618 1348 1702">
     <span class='ocr_line' id='line_1_7' title="bbox 293 1618 1348 1702; baseline 0 -18"><span class='ocrx_word' id='word_1_48' title='bbox 293 1627 311 1658; x_wconf 90' lang='lat'><em>“</em></span> <span class='ocrx_word' id='word_1_49' title='bbox 334 1620 513 1702; x_wconf 78' lang='lat' dir='ltr'><strong>venientes,</strong></span> <span class='ocrx_word' id='word_1_50' title='bbox 548 1619 665 1685; x_wconf 81' lang='lat' dir='ltr'><strong>melius</strong></span> <span class='ocrx_word' id='word_1_51' title='bbox 691 1623 726 1684; x_wconf 87' lang='lat' dir='ltr'><strong>et</strong></span> <span class='ocrx_word' id='word_1_52' title='bbox 757 1621 903 1686; x_wconf 79' lang='lat' dir='ltr'><strong>securius</strong></span> <span class='ocrx_word' id='word_1_53' title='bbox 935 1618 1042 1700; x_wconf 85' lang='lat' dir='ltr'><strong>solito,</strong></span> <span class='ocrx_word' id='word_1_54' title='bbox 1065 1623 1230 1686; x_wconf 88' lang='lat' dir='ltr'><strong>annuente</strong></span> <span class='ocrx_word' id='word_1_55' title='bbox 1265 1618 1348 1699; x_wconf 89' lang='lat' dir='ltr'><strong>Dec,</strong></span> 
     </span>
    </p>

    <p class='ocr_par' dir='ltr' id='par_1_5' title="bbox 294 1719 915 1810">
     <span class='ocr_line' id='line_1_8' title="bbox 294 1719 915 1810; baseline -0.003 -21"><span class='ocrx_word' id='word_1_56' title='bbox 294 1729 313 1760; x_wconf 88' lang='lat'><strong>“</strong></span> <span class='ocrx_word' id='word_1_57' title='bbox 337 1721 473 1789; x_wconf 84' lang='lat' dir='ltr'><strong>¹vivere</strong></span> <span class='ocrx_word' id='word_1_58' title='bbox 495 1725 655 1810; x_wconf 73' lang='lat' dir='ltr'><strong>poterimt</strong></span> <span class='ocrx_word' id='word_1_59' title='bbox 677 1721 714 1786; x_wconf 91' lang='lat' dir='ltr'><strong>in</strong></span> <span class='ocrx_word' id='word_1_60' title='bbox 736 1719 915 1788; x_wconf 63' lang='lat' dir='ltr'><strong>futurumf&#39;</strong></span> 
     </span>
    </p>
   </div>
   <div class='ocr_carea' id='block_1_3' title="bbox 294 2045 1350 2238">
    <p class='ocr_par' dir='ltr' id='par_1_6' title="bbox 294 2045 1350 2238">
     <span class='ocr_line' id='line_1_9' title="bbox 294 2045 1350 2135; baseline 0.001 -16"><span class='ocrx_word' id='word_1_61' title='bbox 294 2049 410 2120; x_wconf 66' lang='lat' dir='ltr'><strong>Atura</strong></span> <span class='ocrx_word' id='word_1_62' title='bbox 438 2051 542 2118; x_wconf 78' lang='lat' dir='ltr'><strong>Breve</strong></span> <span class='ocrx_word' id='word_1_63' title='bbox 571 2045 703 2135; x_wconf 68' lang='lat' dir='ltr'><strong>Majori</strong></span> <span class='ocrx_word' id='word_1_64' title='bbox 736 2053 766 2114; x_wconf 88' lang='lat' dir='ltr'><strong>ct</strong></span> <span class='ocrx_word' id='word_1_65' title='bbox 796 2045 1057 2114; x_wconf 78' lang='lat' dir='ltr'><strong>Vtcccootitc&#39;bac</strong></span> <span class='ocrx_word' id='word_1_66' title='bbox 1079 2049 1350 2121; x_wconf 72' lang='lat' dir='ltr'><strong>londoniarum</strong></span> 
     </span>
     <span class='ocr_line' id='line_1_10' title="bbox 564 2149 1088 2238; baseline -0.002 -19"><span class='ocrx_word' id='word_1_67' title='bbox 564 2173 668 2238; x_wconf 78' lang='lat' dir='ltr'><strong>caper</strong></span> <span class='ocrx_word' id='word_1_68' title='bbox 690 2149 868 2219; x_wconf 71' lang='lat' dir='ltr'><strong>Statorem</strong></span> <span class='ocrx_word' id='word_1_69' title='bbox 897 2149 1088 2219; x_wconf 70' lang='lat' dir='ltr'><strong>Wv&#39;lctouc&#39;ca</strong></span> 
     </span>
    </p>
   </div>
   <div class='ocr_carea' id='block_1_4' title="bbox 342 2321 1508 2442">
    <p class='ocr_par' dir='ltr' id='par_1_7' title="bbox 342 2321 1508 2442">
     <span class='ocr_line' id='line_1_11' title="bbox 342 2321 1508 2442; baseline 0.031 -74"><span class='ocrx_word' id='word_1_70' title='bbox 342 2329 361 2360; x_wconf 74' lang='lat' dir='ltr'><strong>c</strong></span> <span class='ocrx_word' id='word_1_71' title='bbox 385 2324 578 2402; x_wconf 67' lang='lat' dir='ltr'><strong>Edwmdus,</strong></span> <span class='ocrx_word' id='word_1_72' title='bbox 594 2322 659 2390; x_wconf 88' lang='lat' dir='ltr'><strong>Dei</strong></span> <span class='ocrx_word' id='word_1_73' title='bbox 681 2323 798 2412; x_wconf 86' lang='lat' dir='ltr'><strong>gratia,</strong></span> <span class='ocrx_word' id='word_1_74' title='bbox 814 2325 885 2401; x_wconf 85' lang='lat' dir='ltr'><strong>otc,</strong></span> <span class='ocrx_word' id='word_1_75' title='bbox 902 2321 1024 2410; x_wconf 89' lang='lat' dir='ltr'><strong>Majcri</strong></span> <span class='ocrx_word' id='word_1_76' title='bbox 1047 2327 1082 2389; x_wconf 88' lang='lat' dir='ltr'><strong>et</strong></span> <span class='ocrx_word' id='word_1_77' title='bbox 1097 2323 1350 2392; x_wconf 85' lang='lat' dir='ltr'><strong>Viceccmitibue</strong></span> <span class='ocrx_word' id='word_1_78' title='bbox 1360 2343 1508 2442; x_wconf 42' lang='lat' dir='ltr'><strong>magud·</strong></span> 
     </span>
    </p>
   </div>
   <div class='ocr_carea' id='block_1_5' title="bbox 296 2424 1488 2541">
    <p class='ocr_par' dir='ltr' id='par_1_8' title="bbox 296 2424 1488 2541">
     <span class='ocr_line' id='line_1_12' title="bbox 296 2424 1488 2541; baseline 0.003 -50"><span class='ocrx_word' id='word_1_79' title='bbox 296 2431 315 2463; x_wconf 88' lang='lat'><strong>“</strong></span> <span class='ocrx_word' id='word_1_80' title='bbox 339 2425 593 2508; x_wconf 86' lang='lat' dir='ltr'><strong>Londoniarum,</strong></span> <span class='ocrx_word' id='word_1_81' title='bbox 618 2425 765 2491; x_wconf 81' lang='lat' dir='ltr'><strong>salutem</strong></span> <span class='ocrx_word' id='word_1_82' title='bbox 818 2424 903 2490; x_wconf 84' lang='lat' dir='ltr'><strong>Oum</strong></span> <span class='ocrx_word' id='word_1_83' title='bbox 933 2445 1001 2504; x_wconf 79' lang='lat' dir='ltr'><strong>noa,</strong></span> <span class='ocrx_word' id='word_1_84' title='bbox 1035 2427 1269 2492; x_wconf 80' lang='lat' dir='ltr'><strong>sextodecimo</strong></span> <span class='ocrx_word' id='word_1_85' title='bbox 1297 2428 1350 2494; x_wconf 83' lang='lat' dir='ltr'><strong>die</strong></span> <span class='ocrx_word' id='word_1_86' title='bbox 1363 2446 1427 2540; x_wconf 57' lang='lat'><strong>{0²3⁶</strong></span> <span class='ocrx_word' id='word_1_87' title='bbox 1411 2447 1454 2540; x_wconf 43' lang='lat' dir='ltr'><strong>b81⁰,</strong></span> <span class='ocrx_word' id='word_1_88' title='bbox 1452 2461 1488 2541; x_wconf 51' lang='lat' dir='ltr'><em>x</em></span> 
     </span>
    </p>
   </div>
   <div class='ocr_carea' id='block_1_6' title="bbox 294 2527 1514 4657">
    <p class='ocr_par' dir='ltr' id='par_1_9' title="bbox 294 2527 1514 4657">
     <span class='ocr_line' id='line_1_13' title="bbox 294 2527 1500 2642; baseline -0.002 -46"><span class='ocrx_word' id='word_1_89' title='bbox 294 2535 316 2568; x_wconf 90' lang='lat'><strong>“</strong></span> <span class='ocrx_word' id='word_1_90' title='bbox 338 2529 443 2610; x_wconf 80' lang='lat' dir='ltr'><strong>lunii,</strong></span> <span class='ocrx_word' id='word_1_91' title='bbox 460 2551 547 2594; x_wconf 90' lang='lat' dir='ltr'><strong>anno</strong></span> <span class='ocrx_word' id='word_1_92' title='bbox 568 2529 663 2616; x_wconf 82' lang='lat' dir='ltr'><strong>regni</strong></span> <span class='ocrx_word' id='word_1_93' title='bbox 688 2527 794 2593; x_wconf 80' lang='lat' dir='ltr'><strong>nentri</strong></span> <span class='ocrx_word' id='word_1_94' title='bbox 817 2527 1125 2614; x_wconf 80' lang='lat' dir='ltr'><strong>tricesimo-quarto,</strong></span> <span class='ocrx_word' id='word_1_95' title='bbox 1150 2528 1244 2595; x_wconf 84' lang='lat' dir='ltr'><strong>vobis</strong></span> <span class='ocrx_word' id='word_1_96' title='bbox 1267 2551 1350 2616; x_wconf 86' lang='lat' dir='ltr'><strong>prae-</strong></span> <span class='ocrx_word' id='word_1_97' title='bbox 1363 2549 1500 2642; x_wconf 36' lang='lat' dir='ltr'><strong>&amp;egotam</strong></span> 
     </span>
     <span class='ocr_line' id='line_1_14' title="bbox 295 2601 1514 2719; baseline -0.002 -22"><span class='ocrx_word' id='word_1_98' title='bbox 295 2631 518 2718; x_wconf 85' lang='lat' dir='ltr'><strong>“ceperimus</strong></span> <span class='ocrx_word' id='word_1_99' title='bbox 549 2630 638 2718; x_wconf 90' lang='lat' dir='ltr'><strong>quod</strong></span> <span class='ocrx_word' id='word_1_100' title='bbox 669 2629 845 2696; x_wconf 83' lang='lat' dir='ltr'><strong>Statutum</strong></span> <span class='ocrx_word' id='word_1_101' title='bbox 875 2634 1028 2695; x_wconf 82' lang='lat' dir='ltr'><strong>nostrum</strong></span> <span class='ocrx_word' id='word_1_102' title='bbox 1062 2629 1261 2716; x_wconf 86' lang='lat' dir='ltr'><strong>Wyutoniac,</strong></span> <span class='ocrx_word' id='word_1_103' title='bbox 1292 2601 1514 2719; x_wconf 58' lang='lat' dir='ltr'><strong>prowaiieitiar.</strong></span> 
     </span>
     <span class='ocr_line' id='line_1_15' title="bbox 296 2731 1352 2821; baseline 0.002 -22"><span class='ocrx_word' id='word_1_104' title='bbox 296 2739 314 2770; x_wconf 89' lang='lat'><strong>“</strong></span> <span class='ocrx_word' id='word_1_105' title='bbox 337 2755 416 2821; x_wconf 83' lang='lat' dir='ltr'><strong>pace</strong></span> <span class='ocrx_word' id='word_1_106' title='bbox 441 2738 556 2799; x_wconf 80' lang='lat' dir='ltr'><strong>nostra</strong></span> <span class='ocrx_word' id='word_1_107' title='bbox 577 2731 719 2798; x_wconf 87' lang='lat' dir='ltr'><strong>firmiter</strong></span> <span class='ocrx_word' id='word_1_108' title='bbox 741 2732 956 2811; x_wconf 82' lang='lat' dir='ltr'><strong>observande,</strong></span> <span class='ocrx_word' id='word_1_109' title='bbox 979 2731 1016 2796; x_wconf 90' lang='lat' dir='ltr'><strong>in</strong></span> <span class='ocrx_word' id='word_1_110' title='bbox 1039 2732 1217 2821; x_wconf 83' lang='lat' dir='ltr'><strong>Hastengo</strong></span> <span class='ocrx_word' id='word_1_111' title='bbox 1239 2740 1352 2801; x_wconf 82' lang='lat' dir='ltr'><strong>nostro</strong></span> 
     </span>
     <span class='ocr_line' id='line_1_16' title="bbox 296 2832 1353 2921; baseline 0.002 -21"><span class='ocrx_word' id='word_1_112' title='bbox 296 2841 315 2873; x_wconf 88' lang='lat'><strong><em>“</em></strong></span> <span class='ocrx_word' id='word_1_113' title='bbox 340 2835 529 2914; x_wconf 84' lang='lat' dir='ltr'><strong>Londoniic,</strong></span> <span class='ocrx_word' id='word_1_114' title='bbox 554 2839 590 2900; x_wconf 88' lang='lat' dir='ltr'><strong>ct</strong></span> <span class='ocrx_word' id='word_1_115' title='bbox 613 2833 693 2900; x_wconf 82' lang='lat' dir='ltr'><strong>alibi</strong></span> <span class='ocrx_word' id='word_1_116' title='bbox 716 2832 803 2898; x_wconf 81' lang='lat' dir='ltr'><strong>infra</strong></span> <span class='ocrx_word' id='word_1_117' title='bbox 819 2833 991 2899; x_wconf 87' lang='lat' dir='ltr'><strong>civitatem</strong></span> <span class='ocrx_word' id='word_1_118' title='bbox 1006 2835 1207 2921; x_wconf 71' lang='lat' dir='ltr'><strong>praedictam,</strong></span> <span class='ocrx_word' id='word_1_119' title='bbox 1223 2836 1260 2902; x_wconf 90' lang='lat' dir='ltr'><strong>in</strong></span> <span class='ocrx_word' id='word_1_120' title='bbox 1282 2858 1353 2902; x_wconf 90' lang='lat' dir='ltr'><strong>om·</strong></span> 
     </span>
     <span class='ocr_line' id='line_1_17' title="bbox 296 2933 1354 3024; baseline 0.005 -23"><span class='ocrx_word' id='word_1_121' title='bbox 296 2943 315 2974; x_wconf 91' lang='lat'><strong>“</strong></span> <span class='ocrx_word' id='word_1_122' title='bbox 336 2937 435 3002; x_wconf 84' lang='lat' dir='ltr'><strong>nibus</strong></span> <span class='ocrx_word' id='word_1_123' title='bbox 465 2937 545 3002; x_wconf 87' lang='lat' dir='ltr'><strong>locis</strong></span> <span class='ocrx_word' id='word_1_124' title='bbox 577 2936 636 3001; x_wconf 92' lang='lat' dir='ltr'><strong>ubi</strong></span> <span class='ocrx_word' id='word_1_125' title='bbox 663 2933 818 3022; x_wconf 86' lang='lat' dir='ltr'><strong>expedire</strong></span> <span class='ocrx_word' id='word_1_126' title='bbox 851 2935 1012 3013; x_wconf 79' lang='lat' dir='ltr'><strong>videritis,</strong></span> <span class='ocrx_word' id='word_1_127' title='bbox 1044 2937 1174 3024; x_wconf 87' lang='lat' dir='ltr'><strong>publice</strong></span> <span class='ocrx_word' id='word_1_128' title='bbox 1203 2938 1354 3006; x_wconf 84' lang='lat' dir='ltr'><strong>faceretis</strong></span> 
     </span>
     <span class='ocr_line' id='line_1_18' title="bbox 296 3036 1353 3128; baseline 0.005 -25"><span class='ocrx_word' id='word_1_129' title='bbox 296 3043 315 3076; x_wconf 90' lang='lat'><strong>“</strong></span> <span class='ocrx_word' id='word_1_130' title='bbox 338 3038 480 3116; x_wconf 86' lang='lat' dir='ltr'><strong>recitari,</strong></span> <span class='ocrx_word' id='word_1_131' title='bbox 505 3043 541 3104; x_wconf 87' lang='lat' dir='ltr'><strong>ct</strong></span> <span class='ocrx_word' id='word_1_132' title='bbox 562 3037 600 3103; x_wconf 89' lang='lat' dir='ltr'><strong>in</strong></span> <span class='ocrx_word' id='word_1_133' title='bbox 622 3036 776 3102; x_wconf 85' lang='lat' dir='ltr'><strong>omnibus</strong></span> <span class='ocrx_word' id='word_1_134' title='bbox 798 3037 867 3102; x_wconf 77' lang='lat' dir='ltr'><strong>suis</strong></span> <span class='ocrx_word' id='word_1_135' title='bbox 889 3037 1037 3104; x_wconf 74' lang='lat' dir='ltr'><strong>articulis</strong></span> <span class='ocrx_word' id='word_1_136' title='bbox 1059 3040 1185 3120; x_wconf 85' lang='lat' dir='ltr'><strong>teneri3</strong></span> <span class='ocrx_word' id='word_1_137' title='bbox 1208 3045 1243 3106; x_wconf 88' lang='lat' dir='ltr'><strong>et</strong></span> <span class='ocrx_word' id='word_1_138' title='bbox 1265 3043 1353 3128; x_wconf 90' lang='lat' dir='ltr'><strong>quod</strong></span> 
     </span>
     <span class='ocr_line' id='line_1_19' title="bbox 296 3138 1351 3227; baseline 0.002 -22"><span class='ocrx_word' id='word_1_139' title='bbox 296 3147 316 3177; x_wconf 88' lang='lat'><strong>“</strong></span> <span class='ocrx_word' id='word_1_140' title='bbox 338 3161 458 3219; x_wconf 79' lang='lat' dir='ltr'><strong>omncs,</strong></span> <span class='ocrx_word' id='word_1_141' title='bbox 482 3139 524 3205; x_wconf 88' lang='lat' dir='ltr'><strong>de</strong></span> <span class='ocrx_word' id='word_1_142' title='bbox 548 3139 668 3226; x_wconf 82' lang='lat' dir='ltr'><strong>quibus</strong></span> <span class='ocrx_word' id='word_1_143' title='bbox 695 3138 872 3204; x_wconf 77' lang='lat' dir='ltr'><strong>manifesta</strong></span> <span class='ocrx_word' id='word_1_144' title='bbox 896 3139 1037 3227; x_wconf 84' lang='lat' dir='ltr'><strong>suspicio</strong></span> <span class='ocrx_word' id='word_1_145' title='bbox 1063 3139 1193 3206; x_wconf 83' lang='lat' dir='ltr'><strong>feloniae</strong></span> <span class='ocrx_word' id='word_1_146' title='bbox 1208 3146 1243 3207; x_wconf 87' lang='lat' dir='ltr'><strong>et</strong></span> <span class='ocrx_word' id='word_1_147' title='bbox 1262 3143 1351 3222; x_wconf 89' lang='lat' dir='ltr'><strong>mali,</strong></span> 
     </span>
     <span class='ocr_line' id='line_1_20' title="bbox 295 3241 1351 3330; baseline 0.004 -24"><span class='ocrx_word' id='word_1_148' title='bbox 295 3247 316 3279; x_wconf 88' lang='lat'><strong>“</strong></span> <span class='ocrx_word' id='word_1_149' title='bbox 339 3265 398 3330; x_wconf 87' lang='lat' dir='ltr'><strong>por</strong></span> <span class='ocrx_word' id='word_1_150' title='bbox 412 3263 524 3308; x_wconf 87' lang='lat' dir='ltr'><strong>corum</strong></span> <span class='ocrx_word' id='word_1_151' title='bbox 539 3247 714 3307; x_wconf 80' lang='lat' dir='ltr'><strong>extraneos</strong></span> <span class='ocrx_word' id='word_1_152' title='bbox 729 3241 903 3322; x_wconf 82' lang='lat' dir='ltr'><strong>adventus,</strong></span> <span class='ocrx_word' id='word_1_153' title='bbox 926 3242 1098 3328; x_wconf 80' lang='lat' dir='ltr'><strong>variosque</strong></span> <span class='ocrx_word' id='word_1_154' title='bbox 1118 3241 1261 3308; x_wconf 63' lang='lat' dir='ltr'><strong>incessus</strong></span> <span class='ocrx_word' id='word_1_155' title='bbox 1276 3266 1351 3310; x_wconf 91' lang='lat' dir='ltr'><strong>noc-</strong></span> 
     </span>
     <span class='ocr_line' id='line_1_21' title="bbox 298 3343 1352 3432; baseline 0.004 -23"><span class='ocrx_word' id='word_1_156' title='bbox 298 3349 316 3381; x_wconf 88' lang='lat'>“</span> <span class='ocrx_word' id='word_1_157' title='bbox 339 3348 465 3424; x_wconf 82' lang='lat' dir='ltr'><strong>turnoe,</strong></span> <span class='ocrx_word' id='word_1_158' title='bbox 481 3347 516 3409; x_wconf 90' lang='lat' dir='ltr'><strong>et</strong></span> <span class='ocrx_word' id='word_1_159' title='bbox 530 3343 728 3432; x_wconf 79' lang='lat' dir='ltr'><strong>quandoque</strong></span> <span class='ocrx_word' id='word_1_160' title='bbox 749 3363 808 3429; x_wconf 90' lang='lat' dir='ltr'><strong>per</strong></span> <span class='ocrx_word' id='word_1_161' title='bbox 823 3343 1038 3430; x_wconf 77' lang='lat' dir='ltr'><strong>voluptuosae</strong></span> <span class='ocrx_word' id='word_1_162' title='bbox 1053 3365 1222 3430; x_wconf 82' lang='lat' dir='ltr'><strong>expensae,</strong></span> <span class='ocrx_word' id='word_1_163' title='bbox 1238 3345 1352 3413; x_wconf 88' lang='lat' dir='ltr'><strong>haberi</strong></span> 
     </span>
     <span class='ocr_line' id='line_1_22' title="bbox 296 3443 1351 3534; baseline 0 -22"><span class='ocrx_word' id='word_1_164' title='bbox 296 3453 317 3486; x_wconf 88' lang='lat'><strong><em>“</em></strong></span> <span class='ocrx_word' id='word_1_165' title='bbox 340 3451 450 3534; x_wconf 83' lang='lat' dir='ltr'><strong>potest</strong></span> <span class='ocrx_word' id='word_1_166' title='bbox 480 3449 515 3510; x_wconf 89' lang='lat' dir='ltr'><strong>et</strong></span> <span class='ocrx_word' id='word_1_167' title='bbox 544 3444 695 3523; x_wconf 84' lang='lat' dir='ltr'><strong>habetur,</strong></span> <span class='ocrx_word' id='word_1_168' title='bbox 729 3444 808 3511; x_wconf 89' lang='lat' dir='ltr'><strong>licet</strong></span> <span class='ocrx_word' id='word_1_169' title='bbox 837 3443 916 3509; x_wconf 87' lang='lat' dir='ltr'><strong>inde</strong></span> <span class='ocrx_word' id='word_1_170' title='bbox 941 3466 1011 3510; x_wconf 93' lang='lat' dir='ltr'><strong>non</strong></span> <span class='ocrx_word' id='word_1_171' title='bbox 1033 3444 1159 3510; x_wconf 88' lang='lat' dir='ltr'><strong>fuerint</strong></span> <span class='ocrx_word' id='word_1_172' title='bbox 1187 3447 1351 3528; x_wconf 88' lang='lat' dir='ltr'><strong>indictati,</strong></span> 
     </span>
     <span class='ocr_line' id='line_1_23' title="bbox 295 3547 1353 3636; baseline 0.003 -22"><span class='ocrx_word' id='word_1_173' title='bbox 295 3554 315 3586; x_wconf 93' lang='lat'><strong>“</strong></span> <span class='ocrx_word' id='word_1_174' title='bbox 337 3549 407 3614; x_wconf 80' lang='lat' dir='ltr'><strong>sine</strong></span> <span class='ocrx_word' id='word_1_175' title='bbox 433 3548 593 3614; x_wconf 81' lang='lat' dir='ltr'><strong>dilatione</strong></span> <span class='ocrx_word' id='word_1_176' title='bbox 619 3547 766 3626; x_wconf 82' lang='lat' dir='ltr'><strong>arceteri,</strong></span> <span class='ocrx_word' id='word_1_177' title='bbox 791 3551 826 3613; x_wconf 86' lang='lat' dir='ltr'><strong>et</strong></span> <span class='ocrx_word' id='word_1_178' title='bbox 850 3547 940 3611; x_wconf 84' lang='lat' dir='ltr'><strong>salvo</strong></span> <span class='ocrx_word' id='word_1_179' title='bbox 968 3550 1002 3612; x_wconf 91' lang='lat' dir='ltr'><strong>et</strong></span> <span class='ocrx_word' id='word_1_180' title='bbox 1028 3567 1140 3612; x_wconf 82' lang='lat' dir='ltr'><strong>secure</strong></span> <span class='ocrx_word' id='word_1_181' title='bbox 1162 3547 1198 3614; x_wconf 91' lang='lat' dir='ltr'><strong>in</strong></span> <span class='ocrx_word' id='word_1_182' title='bbox 1220 3551 1353 3636; x_wconf 82' lang='lat' dir='ltr'><strong>prisona</strong></span> 
     </span>
     <span class='ocr_line' id='line_1_24' title="bbox 295 3649 1354 3739; baseline 0.002 -22"><span class='ocrx_word' id='word_1_183' title='bbox 295 3659 314 3687; x_wconf 92' lang='lat'><strong>“</strong></span> <span class='ocrx_word' id='word_1_184' title='bbox 337 3656 452 3718; x_wconf 83' lang='lat' dir='ltr'><strong>nostra</strong></span> <span class='ocrx_word' id='word_1_185' title='bbox 479 3649 646 3729; x_wconf 79' lang='lat' dir='ltr'><strong>custodiri,</strong></span> <span class='ocrx_word' id='word_1_186' title='bbox 672 3649 832 3729; x_wconf 80' lang='lat' dir='ltr'><strong>faceretis,</strong></span> <span class='ocrx_word' id='word_1_187' title='bbox 857 3649 960 3714; x_wconf 85' lang='lat' dir='ltr'><strong>donec</strong></span> <span class='ocrx_word' id='word_1_188' title='bbox 982 3650 1164 3716; x_wconf 83' lang='lat' dir='ltr'><strong>secundum</strong></span> <span class='ocrx_word' id='word_1_189' title='bbox 1186 3651 1292 3739; x_wconf 86' lang='lat' dir='ltr'><strong>legem</strong></span> <span class='ocrx_word' id='word_1_190' title='bbox 1318 3658 1354 3719; x_wconf 87' lang='lat' dir='ltr'><strong>et</strong></span> 
     </span>
     <span class='ocr_line' id='line_1_25' title="bbox 294 3749 1354 3838; baseline 0.001 -18"><span class='ocrx_word' id='word_1_191' title='bbox 294 3753 610 3820; x_wconf 78' lang='lat' dir='ltr'><strong>“consuetudinem</strong></span> <span class='ocrx_word' id='word_1_192' title='bbox 632 3752 727 3838; x_wconf 86' lang='lat' dir='ltr'><strong>regni</strong></span> <span class='ocrx_word' id='word_1_193' title='bbox 762 3751 869 3816; x_wconf 85' lang='lat' dir='ltr'><strong>nostri</strong></span> <span class='ocrx_word' id='word_1_194' title='bbox 898 3749 977 3816; x_wconf 91' lang='lat' dir='ltr'><strong>inde</strong></span> <span class='ocrx_word' id='word_1_195' title='bbox 1012 3749 1274 3820; x_wconf 87' lang='lat' dir='ltr'><strong>deliberarentur</strong></span> <span class='ocrx_word' id='word_1_196' title='bbox 1286 3778 1295 3836; x_wconf 92' lang='lat'>;</span> <span class='ocrx_word' id='word_1_197' title='bbox 1318 3759 1354 3821; x_wconf 88' lang='lat' dir='ltr'><strong>et</strong></span> 
     </span>
     <span class='ocr_line' id='line_1_26' title="bbox 296 3853 1353 3942; baseline 0.004 -24"><span class='ocrx_word' id='word_1_198' title='bbox 296 3863 315 3892; x_wconf 89' lang='lat'><strong>“</strong></span> <span class='ocrx_word' id='word_1_199' title='bbox 337 3856 426 3942; x_wconf 92' lang='lat' dir='ltr'><strong>quod</strong></span> <span class='ocrx_word' id='word_1_200' title='bbox 449 3875 491 3920; x_wconf 87' lang='lat' dir='ltr'><strong>ex</strong></span> <span class='ocrx_word' id='word_1_201' title='bbox 515 3857 611 3940; x_wconf 86' lang='lat' dir='ltr'><strong>parte</strong></span> <span class='ocrx_word' id='word_1_202' title='bbox 634 3859 747 3919; x_wconf 80' lang='lat' dir='ltr'><strong>nostra</strong></span> <span class='ocrx_word' id='word_1_203' title='bbox 768 3853 997 3939; x_wconf 72' lang='lat' dir='ltr'><strong>praeciperetis,</strong></span> <span class='ocrx_word' id='word_1_204' title='bbox 1022 3860 1057 3919; x_wconf 88' lang='lat' dir='ltr'><strong>ct</strong></span> <span class='ocrx_word' id='word_1_205' title='bbox 1079 3854 1220 3920; x_wconf 87' lang='lat' dir='ltr'><strong>firmiter</strong></span> <span class='ocrx_word' id='word_1_206' title='bbox 1241 3855 1353 3942; x_wconf 90' lang='lat' dir='ltr'><strong>injun-</strong></span> 
     </span>
     <span class='ocr_line' id='line_1_27' title="bbox 294 3953 1349 4055; baseline 0.004 -33"><span class='ocrx_word' id='word_1_207' title='bbox 294 3963 312 3994; x_wconf 91' lang='lat'><strong>“</strong></span> <span class='ocrx_word' id='word_1_208' title='bbox 334 3957 464 4044; x_wconf 83' lang='lat' dir='ltr'><strong>geretis,</strong></span> <span class='ocrx_word' id='word_1_209' title='bbox 494 3955 647 4021; x_wconf 81' lang='lat' dir='ltr'><strong>omnibus</strong></span> <span class='ocrx_word' id='word_1_210' title='bbox 685 3954 819 4020; x_wconf 79' lang='lat' dir='ltr'><strong>ballivis</strong></span> <span class='ocrx_word' id='word_1_211' title='bbox 842 3953 966 4020; x_wconf 76' lang='lat' dir='ltr'><strong>nostris</strong></span> <span class='ocrx_word' id='word_1_212' title='bbox 995 3955 1144 4023; x_wconf 80' lang='lat' dir='ltr'><strong>civitatis</strong></span> <span class='ocrx_word' id='word_1_213' title='bbox 1175 3958 1349 4055; x_wconf 71' lang='lat' dir='ltr'><strong>praedictae‚</strong></span> 
     </span>
     <span class='ocr_line' id='line_1_28' title="bbox 297 4057 1352 4146; baseline 0.004 -22"><span class='ocrx_word' id='word_1_214' title='bbox 297 4065 316 4096; x_wconf 92' lang='lat'><strong>“</strong></span> <span class='ocrx_word' id='word_1_215' title='bbox 338 4059 427 4146; x_wconf 90' lang='lat' dir='ltr'><strong>quod</strong></span> <span class='ocrx_word' id='word_1_216' title='bbox 453 4059 556 4124; x_wconf 83' lang='lat' dir='ltr'><strong>talem</strong></span> <span class='ocrx_word' id='word_1_217' title='bbox 580 4063 615 4124; x_wconf 92' lang='lat' dir='ltr'><strong>et</strong></span> <span class='ocrx_word' id='word_1_218' title='bbox 639 4061 770 4124; x_wconf 87' lang='lat' dir='ltr'><strong>tantam</strong></span> <span class='ocrx_word' id='word_1_219' title='bbox 794 4057 1002 4143; x_wconf 84' lang='lat' dir='ltr'><strong>diligentiam</strong></span> <span class='ocrx_word' id='word_1_220' title='bbox 1027 4080 1087 4144; x_wconf 88' lang='lat' dir='ltr'><strong>pro</strong></span> <span class='ocrx_word' id='word_1_221' title='bbox 1110 4059 1200 4146; x_wconf 81' lang='lat' dir='ltr'><strong>pacis</strong></span> <span class='ocrx_word' id='word_1_222' title='bbox 1229 4063 1352 4128; x_wconf 82' lang='lat' dir='ltr'><strong>nostrae</strong></span> 
     </span>
     <span class='ocr_line' id='line_1_29' title="bbox 296 4159 1352 4248; baseline 0.003 -22"><span class='ocrx_word' id='word_1_223' title='bbox 296 4169 314 4196; x_wconf 90' lang='lat'><strong>“</strong></span> <span class='ocrx_word' id='word_1_224' title='bbox 337 4160 585 4226; x_wconf 80' lang='lat' dir='ltr'><strong>conservatione</strong></span> <span class='ocrx_word' id='word_1_225' title='bbox 607 4161 644 4224; x_wconf 88' lang='lat' dir='ltr'><strong>in</strong></span> <span class='ocrx_word' id='word_1_226' title='bbox 671 4159 739 4223; x_wconf 80' lang='lat' dir='ltr'><strong>suis</strong></span> <span class='ocrx_word' id='word_1_227' title='bbox 761 4159 919 4223; x_wconf 82' lang='lat' dir='ltr'><strong>custodiis</strong></span> <span class='ocrx_word' id='word_1_228' title='bbox 935 4166 1145 4246; x_wconf 83' lang='lat' dir='ltr'><strong>apponerent,</strong></span> <span class='ocrx_word' id='word_1_229' title='bbox 1161 4184 1204 4227; x_wconf 88' lang='lat' dir='ltr'><strong>ne</strong></span> <span class='ocrx_word' id='word_1_230' title='bbox 1218 4184 1352 4248; x_wconf 87' lang='lat' dir='ltr'><strong>poencm</strong></span> 
     </span>
     <span class='ocr_line' id='line_1_30' title="bbox 295 4260 1352 4346; baseline 0.005 -20"><span class='ocrx_word' id='word_1_231' title='bbox 295 4270 314 4298; x_wconf 92' lang='lat'><em>“</em></span> <span class='ocrx_word' id='word_1_232' title='bbox 336 4262 374 4328; x_wconf 85' lang='lat' dir='ltr'><strong>in</strong></span> <span class='ocrx_word' id='word_1_233' title='bbox 396 4261 484 4327; x_wconf 91' lang='lat' dir='ltr'><strong>dicto</strong></span> <span class='ocrx_word' id='word_1_234' title='bbox 500 4261 636 4327; x_wconf 87' lang='lat' dir='ltr'><strong>Statuto</strong></span> <span class='ocrx_word' id='word_1_235' title='bbox 651 4260 846 4346; x_wconf 81' lang='lat' dir='ltr'><strong>Wyntoniae</strong></span> <span class='ocrx_word' id='word_1_236' title='bbox 860 4264 1050 4326; x_wconf 85' lang='lat' dir='ltr'><strong>contentam</strong></span> <span class='ocrx_word' id='word_1_237' title='bbox 1075 4262 1285 4343; x_wconf 87' lang='lat' dir='ltr'><strong>incurrerent,</strong></span> <span class='ocrx_word' id='word_1_238' title='bbox 1318 4272 1352 4331; x_wconf 88' lang='lat' dir='ltr'><strong>ct</strong></span> 
     </span>
     <span class='ocr_line' id='line_1_31' title="bbox 295 4363 1353 4450; baseline 0.003 -21"><span class='ocrx_word' id='word_1_239' title='bbox 295 4373 314 4400; x_wconf 89' lang='lat'><em>“</em></span> <span class='ocrx_word' id='word_1_240' title='bbox 335 4363 559 4444; x_wconf 76' lang='lat' dir='ltr'><strong>nihilominus,</strong></span> <span class='ocrx_word' id='word_1_241' title='bbox 575 4384 636 4449; x_wconf 87' lang='lat' dir='ltr'><strong>pro</strong></span> <span class='ocrx_word' id='word_1_242' title='bbox 660 4363 834 4428; x_wconf 84' lang='lat' dir='ltr'><strong>voluntate</strong></span> <span class='ocrx_word' id='word_1_243' title='bbox 860 4364 984 4444; x_wconf 81' lang='lat' dir='ltr'><strong>nostra,</strong></span> <span class='ocrx_word' id='word_1_244' title='bbox 999 4363 1301 4450; x_wconf 84' lang='lat' dir='ltr'><strong>impriconarcntur‚</strong></span> <span class='ocrx_word' id='word_1_245' title='bbox 1318 4373 1353 4432; x_wconf 88' lang='lat' dir='ltr'><strong>ct</strong></span> 
     </span>
     <span class='ocr_line' id='line_1_32' title="bbox 295 4463 1351 4553; baseline 0.005 -23"><span class='ocrx_word' id='word_1_246' title='bbox 295 4473 312 4508; x_wconf 88' lang='lat'>“</span> <span class='ocrx_word' id='word_1_247' title='bbox 336 4467 379 4530; x_wconf 88' lang='lat' dir='ltr'><strong>ab</strong></span> <span class='ocrx_word' id='word_1_248' title='bbox 403 4488 442 4531; x_wconf 89' lang='lat' dir='ltr'><strong>ca</strong></span> <span class='ocrx_word' id='word_1_249' title='bbox 463 4467 611 4553; x_wconf 86' lang='lat' dir='ltr'><strong>graviter</strong></span> <span class='ocrx_word' id='word_1_250' title='bbox 632 4464 879 4532; x_wconf 68' lang='lat' dir='ltr'><strong>redimerentur.</strong></span> <span class='ocrx_word' id='word_1_251' title='bbox 936 4463 1083 4544; x_wconf 76' lang='lat' dir='ltr'><strong>Quodsi</strong></span> <span class='ocrx_word' id='word_1_252' title='bbox 1109 4487 1176 4531; x_wconf 89' lang='lat' dir='ltr'><strong>non</strong></span> <span class='ocrx_word' id='word_1_253' title='bbox 1198 4467 1351 4549; x_wconf 80' lang='lat' dir='ltr'><strong>facerent,</strong></span> 
     </span>
     <span class='ocr_line' id='line_1_33' title="bbox 294 4565 1352 4657; baseline 0.004 -23"><span class='ocrx_word' id='word_1_254' title='bbox 294 4575 313 4606; x_wconf 91' lang='lat'><strong>“</strong></span> <span class='ocrx_word' id='word_1_255' title='bbox 335 4569 479 4655; x_wconf 78' lang='lat' dir='ltr'><strong>vosipsi</strong></span> <span class='ocrx_word' id='word_1_256' title='bbox 501 4569 537 4632; x_wconf 92' lang='lat' dir='ltr'><strong>in</strong></span> <span class='ocrx_word' id='word_1_257' title='bbox 561 4566 727 4634; x_wconf 85' lang='lat' dir='ltr'><strong>defectum</strong></span> <span class='ocrx_word' id='word_1_258' title='bbox 750 4565 928 4632; x_wconf 90' lang='lat' dir='ltr'><strong>eorundem</strong></span> <span class='ocrx_word' id='word_1_259' title='bbox 959 4565 1167 4651; x_wconf 83' lang='lat' dir='ltr'><strong>ballivorum,</strong></span> <span class='ocrx_word' id='word_1_260' title='bbox 1185 4571 1352 4657; x_wconf 84' lang='lat' dir='ltr'><strong>quotiens·</strong></span> 
     </span>
    </p>
   </div>
   <div class='ocr_carea' id='block_1_7' title="bbox 294 4669 1349 4756">
    <p class='ocr_par' dir='ltr' id='par_1_10' title="bbox 294 4669 1349 4756">
     <span class='ocr_line' id='line_1_34' title="bbox 294 4669 1349 4756; baseline 0.012 -27"><span class='ocrx_word' id='word_1_261' title='bbox 294 4678 313 4708; x_wconf 82' lang='lat'><strong>“</strong></span> <span class='ocrx_word' id='word_1_262' title='bbox 335 4691 474 4756; x_wconf 89' lang='lat' dir='ltr'><strong>cumque</strong></span> <span class='ocrx_word' id='word_1_263' title='bbox 498 4691 628 4736; x_wconf 78' lang='lat' dir='ltr'><strong>necesse</strong></span> <span class='ocrx_word' id='word_1_264' title='bbox 643 4669 738 4749; x_wconf 86' lang='lat' dir='ltr'><strong>forat,</strong></span> <span class='ocrx_word' id='word_1_265' title='bbox 753 4669 923 4755; x_wconf 79' lang='lat' dir='ltr'><strong>praemissa</strong></span> <span class='ocrx_word' id='word_1_266' title='bbox 944 4669 981 4732; x_wconf 92' lang='lat' dir='ltr'><strong>in</strong></span> <span class='ocrx_word' id='word_1_267' title='bbox 1004 4669 1157 4735; x_wconf 83' lang='lat' dir='ltr'><strong>omnibus</strong></span> <span class='ocrx_word' id='word_1_268' title='bbox 1181 4673 1218 4736; x_wconf 90' lang='lat' dir='ltr'><strong>in</strong></span> <span class='ocrx_word' id='word_1_269' title='bbox 1241 4673 1349 4741; x_wconf 87' lang='lat' dir='ltr'><strong>forma</strong></span> 
     </span>
    </p>
   </div>
   <div class='ocr_carea' id='block_1_8' title="bbox 304 4810 391 4818">
    <p class='ocr_par' dir='ltr' id='par_1_11' title="bbox 304 4810 391 4818">
     <span class='ocr_line' id='line_1_35' title="bbox 304 4810 391 4818; baseline 0 0"><span class='ocrx_word' id='word_1_270' title='bbox 304 4810 375 4818; x_wconf 72' lang='lat'><strong>--·--</strong></span> <span class='ocrx_word' id='word_1_271' title='bbox 386 4813 391 4816; x_wconf 98' lang='lat'>-</span> 
     </span>
    </p>
   </div>
   <div class='ocr_carea' id='block_1_9' title="bbox 486 4853 1168 4914">
    <p class='ocr_par' dir='ltr' id='par_1_12' title="bbox 486 4853 1168 4914">
     <span class='ocr_line' id='line_1_36' title="bbox 486 4853 1168 4914; baseline 0.006 -8"><span class='ocrx_word' id='word_1_272' title='bbox 486 4855 493 4884; x_wconf 88' lang='lat'><strong>¹</strong></span> <span class='ocrx_word' id='word_1_273' title='bbox 503 4853 615 4906; x_wconf 82' lang='lat' dir='ltr'><strong>Written</strong></span> <span class='ocrx_word' id='word_1_274' title='bbox 626 4857 715 4914; x_wconf 78' lang='lat' dir='ltr'><strong>uenire,</strong></span> <span class='ocrx_word' id='word_1_275' title='bbox 726 4855 753 4904; x_wconf 91' lang='lat' dir='ltr'><strong>in</strong></span> <span class='ocrx_word' id='word_1_276' title='bbox 760 4856 803 4906; x_wconf 87' lang='lat' dir='ltr'><strong>the</strong></span> <span class='ocrx_word' id='word_1_277' title='bbox 816 4853 917 4908; x_wconf 73' lang='lat' dir='ltr'><strong>rccitclc</strong></span> <span class='ocrx_word' id='word_1_278' title='bbox 928 4853 958 4908; x_wconf 80' lang='lat' dir='ltr'><strong>ol</strong></span> <span class='ocrx_word' id='word_1_279' title='bbox 966 4854 1009 4908; x_wconf 81' lang='lat' dir='ltr'><strong>the</strong></span> <span class='ocrx_word' id='word_1_280' title='bbox 1021 4863 1083 4908; x_wconf 82' lang='lat' dir='ltr'><strong>next</strong></span> <span class='ocrx_word' id='word_1_281' title='bbox 1094 4855 1168 4910; x_wconf 84' lang='lat' dir='ltr'><strong>Writ.</strong></span> 
     </span>
    </p>
   </div>
   <div class='ocr_carea' id='block_1_10' title="bbox 0 0 1816 5824">
    <p class='ocr_par' dir='ltr' id='par_1_13' title="bbox 0 0 1816 5824">
     <span class='ocr_line' id='line_1_37' title="bbox 0 0 1816 5824; baseline 0 1"><span class='ocrx_word' id='word_1_282' title='bbox 0 0 1816 5824; x_wconf 95' lang='lat' dir='ltr'><strong> </strong></span> 
     </span>
    </p>
   </div>
  </div>
 </body>
</html>
