<?xml version="1.0" encoding="UTF-8"?>
<!DOCTYPE html PUBLIC "-//W3C//DTD XHTML 1.0 Transitional//EN"
    "http://www.w3.org/TR/xhtml1/DTD/xhtml1-transitional.dtd">
<html xmlns="http://www.w3.org/1999/xhtml" xml:lang="en" lang="en">
 <head>
  <title>
</title>
<meta http-equiv="Content-Type" content="text/html;charset=utf-8" />
  <meta name='ocr-system' content='tesseract 3.04.00' />
  <meta name='ocr-capabilities' content='ocr_page ocr_carea ocr_par ocr_line ocrx_word'/>
</head>
<body>
  <div class='ocr_page' id='page_1' title='image "./munimentagildha05librgoog_0356.png"; bbox 0 0 3624 5824; ppageno 0'>
   <div class='ocr_carea' id='block_1_1' title="bbox 473 929 1525 1016">
    <p class='ocr_par' dir='ltr' id='par_1_1' title="bbox 473 929 1525 1016">
     <span class='ocr_line' id='line_1_1' title="bbox 473 929 1525 1016; baseline -0.006 -16"><span class='ocrx_word' id='word_1_1' title='bbox 473 937 537 1002; x_wconf 87' lang='lat'>196</span> <span class='ocrx_word' id='word_1_2' title='bbox 805 947 910 997; x_wconf 81' lang='lat' dir='ltr'>urana</span> <span class='ocrx_word' id='word_1_3' title='bbox 930 945 1175 997; x_wconf 81' lang='lat' dir='ltr'>cosrmmnuu.</span> <span class='ocrx_word' id='word_1_4' title='bbox 1336 929 1490 1016; x_wconf 78' lang='lat' dir='ltr'>[27now.</span> <span class='ocrx_word' id='word_1_5' title='bbox 1503 947 1525 994; x_wconf 94' lang='lat'>1.</span> 
     </span>
    </p>
   </div>
   <div class='ocr_carea' id='block_1_2' title="bbox 331 1106 1505 1316">
    <p class='ocr_par' dir='ltr' id='par_1_2' title="bbox 331 1106 1505 1316">
     <span class='ocr_line' id='line_1_2' title="bbox 331 1106 1505 1262; baseline -0.01 -42"><span class='ocrx_word' id='word_1_6' title='bbox 331 1173 356 1220; x_wconf 76' lang='lat'>1².</span> <span class='ocrx_word' id='word_1_7' title='bbox 364 1175 435 1219; x_wconf 64' lang='lat' dir='ltr'>roos.</span> <span class='ocrx_word' id='word_1_8' title='bbox 495 1106 598 1215; x_wconf 77' lang='lat' dir='ltr'>Breve</span> <span class='ocrx_word' id='word_1_9' title='bbox 625 1147 723 1233; x_wconf 74' lang='lat' dir='ltr'>Rapis</span> <span class='ocrx_word' id='word_1_10' title='bbox 739 1145 917 1226; x_wconf 72' lang='lat' dir='ltr'>Eduardi,</span> <span class='ocrx_word' id='word_1_11' title='bbox 937 1144 1016 1232; x_wconf 71' lang='lat' dir='ltr'>fide·</span> <span class='ocrx_word' id='word_1_12' title='bbox 1038 1143 1141 1262; x_wconf 47' lang='lat' dir='ltr'>{lepis</span> <span class='ocrx_word' id='word_1_13' title='bbox 1164 1142 1321 1223; x_wconf 72' lang='lat' dir='ltr'>Hernici,</span> <span class='ocrx_word' id='word_1_14' title='bbox 1345 1165 1412 1231; x_wconf 80' lang='lat' dir='ltr'>pro</span> <span class='ocrx_word' id='word_1_15' title='bbox 1427 1143 1505 1209; x_wconf 73' lang='lat' dir='ltr'>Ala</span> 
     </span>
     <span class='ocr_line' id='line_1_3' title="bbox 921 1269 1076 1316; baseline -0.019 0"><span class='ocrx_word' id='word_1_16' title='bbox 921 1269 1076 1316; x_wconf 76' lang='lat' dir='ltr'>monaca.</span> 
     </span>
    </p>
   </div>
   <div class='ocr_carea' id='block_1_3' title="bbox 307 1437 1524 1526">
    <p class='ocr_par' dir='ltr' id='par_1_3' title="bbox 307 1437 1524 1526">
     <span class='ocr_line' id='line_1_4' title="bbox 307 1437 1524 1526; baseline -0.005 -19"><span class='ocrx_word' id='word_1_17' title='bbox 307 1463 454 1508; x_wconf 73' lang='lat' dir='ltr'>wsaorsu·</span> <span class='ocrx_word' id='word_1_18' title='bbox 520 1445 539 1476; x_wconf 89' lang='lat'><strong>“</strong></span> <span class='ocrx_word' id='word_1_19' title='bbox 555 1439 747 1516; x_wconf 80' lang='lat' dir='ltr'>Edwardus,</span> <span class='ocrx_word' id='word_1_20' title='bbox 784 1438 848 1504; x_wconf 91' lang='lat' dir='ltr'>Dei</span> <span class='ocrx_word' id='word_1_21' title='bbox 885 1437 1002 1526; x_wconf 84' lang='lat' dir='ltr'>gratia,</span> <span class='ocrx_word' id='word_1_22' title='bbox 1038 1444 1106 1515; x_wconf 83' lang='lat' dir='ltr'>cta,</span> <span class='ocrx_word' id='word_1_23' title='bbox 1142 1437 1401 1504; x_wconf 87' lang='lat' dir='ltr'>Vieecomitibus</span> <span class='ocrx_word' id='word_1_24' title='bbox 1439 1437 1524 1503; x_wconf 89' lang='lat' dir='ltr'>Lon-</span> 
     </span>
    </p>
   </div>
   <div class='ocr_carea' id='block_1_4' title="bbox 306 1516 1526 1628">
    <p class='ocr_par' dir='ltr' id='par_1_4' title="bbox 306 1516 1526 1628">
     <span class='ocr_line' id='line_1_5' title="bbox 306 1516 1425 1579; baseline -0.004 -20"><span class='ocrx_word' id='word_1_25' title='bbox 306 1516 457 1578; x_wconf 63' lang='lat' dir='ltr'>unrdMor·</span> <span class='ocrx_word' id='word_1_26' title='bbox 477 1549 495 1579; x_wconf 47' lang='grc' dir='ltr'>ς(</span> <span class='ocrx_word' id='word_1_27' title='bbox 588 1542 595 1556; x_wconf 84' lang='grc'><strong>.</strong></span> <span class='ocrx_word' id='word_1_28' title='bbox 1418 1539 1425 1554; x_wconf 92' lang='grc'><strong>.</strong></span> 
     </span>
     <span class='ocr_line' id='line_1_6' title="bbox 306 1539 1526 1628; baseline -0.004 -20"><span class='ocrx_word' id='word_1_29' title='bbox 306 1565 454 1619; x_wconf 72' lang='lat' dir='ltr'>brddrngthe</span> <span class='ocrx_word' id='word_1_30' title='bbox 518 1542 703 1622; x_wconf 88' lang='lat' dir='ltr'>domarum,</span> <span class='ocrx_word' id='word_1_31' title='bbox 742 1541 893 1607; x_wconf 87' lang='lat' dir='ltr'>salutem.</span> <span class='ocrx_word' id='word_1_32' title='bbox 941 1541 1026 1607; x_wconf 81' lang='lat' dir='ltr'>(lum</span> <span class='ocrx_word' id='word_1_33' title='bbox 1048 1561 1163 1628; x_wconf 87' lang='lat' dir='ltr'>nuper,</span> <span class='ocrx_word' id='word_1_34' title='bbox 1186 1543 1230 1606; x_wconf 89' lang='lat' dir='ltr'>ad</span> <span class='ocrx_word' id='word_1_35' title='bbox 1261 1539 1526 1606; x_wconf 76' lang='lat' dir='ltr'>emendationem</span> 
     </span>
    </p>
   </div>
   <div class='ocr_carea' id='block_1_5' title="bbox 305 1617 1622 4707">
    <p class='ocr_par' dir='ltr' id='par_1_5' title="bbox 305 1617 1622 4707">
     <span class='ocr_line' id='line_1_7' title="bbox 306 1617 1525 1731; baseline -0.003 -21"><span class='ocrx_word' id='word_1_36' title='bbox 306 1617 456 1720; x_wconf 54' lang='lat' dir='ltr'>lieddiniiy</span> <span class='ocrx_word' id='word_1_37' title='bbox 477 1651 496 1681; x_wconf 88' lang='lat'><em>“</em></span> <span class='ocrx_word' id='word_1_38' title='bbox 518 1645 623 1709; x_wconf 88' lang='lat' dir='ltr'>totius</span> <span class='ocrx_word' id='word_1_39' title='bbox 645 1645 738 1729; x_wconf 85' lang='lat' dir='ltr'>regni</span> <span class='ocrx_word' id='word_1_40' title='bbox 760 1645 876 1721; x_wconf 78' lang='lat' dir='ltr'>nostri,</span> <span class='ocrx_word' id='word_1_41' title='bbox 892 1643 988 1709; x_wconf 88' lang='lat' dir='ltr'>vobis</span> <span class='ocrx_word' id='word_1_42' title='bbox 1003 1645 1253 1731; x_wconf 81' lang='lat' dir='ltr'>praeceperimus</span> <span class='ocrx_word' id='word_1_43' title='bbox 1275 1643 1365 1730; x_wconf 92' lang='lat' dir='ltr'>quod</span> <span class='ocrx_word' id='word_1_44' title='bbox 1378 1641 1525 1728; x_wconf 88' lang='lat' dir='ltr'>aliquam</span> 
     </span>
     <span class='ocr_line' id='line_1_8' title="bbox 306 1717 1534 1832; baseline -0.005 -20"><span class='ocrx_word' id='word_1_45' title='bbox 306 1717 466 1830; x_wconf 62' lang='lat' dir='ltr'>lilliiidll&#39;</span> <span class='ocrx_word' id='word_1_46' title='bbox 476 1752 496 1782; x_wconf 89' lang='lat'><strong>“</strong></span> <span class='ocrx_word' id='word_1_47' title='bbox 520 1748 640 1812; x_wconf 87' lang='lat' dir='ltr'>bonam</span> <span class='ocrx_word' id='word_1_48' title='bbox 667 1750 843 1827; x_wconf 82' lang='lat' dir='ltr'>monetam,</span> <span class='ocrx_word' id='word_1_49' title='bbox 866 1747 921 1812; x_wconf 81' lang='lat' dir='ltr'>vel</span> <span class='ocrx_word' id='word_1_50' title='bbox 946 1746 1055 1832; x_wconf 83' lang='lat' dir='ltr'>plotas</span> <span class='ocrx_word' id='word_1_51' title='bbox 1069 1746 1197 1830; x_wconf 88' lang='lat' dir='ltr'>aliquas</span> <span class='ocrx_word' id='word_1_52' title='bbox 1227 1750 1413 1832; x_wconf 77' lang='lat' dir='ltr'>argenteas,</span> <span class='ocrx_word' id='word_1_53' title='bbox 1428 1745 1534 1810; x_wconf 85' lang='lat' dir='ltr'>extra&#39;</span> 
     </span>
     <span class='ocr_line' id='line_1_9' title="bbox 306 1821 1622 1936; baseline -0.001 -24"><span class='ocrx_word' id='word_1_54' title='bbox 306 1821 458 1922; x_wconf 39' lang='lat' dir='ltr'>illidii&amp;</span> <span class='ocrx_word' id='word_1_55' title='bbox 477 1859 495 1883; x_wconf 88' lang='lat'><strong>“</strong></span> <span class='ocrx_word' id='word_1_56' title='bbox 518 1849 645 1915; x_wconf 89' lang='lat' dir='ltr'>dictum</span> <span class='ocrx_word' id='word_1_57' title='bbox 668 1869 807 1936; x_wconf 82' lang='lat' dir='ltr'>regnum</span> <span class='ocrx_word' id='word_1_58' title='bbox 831 1871 890 1936; x_wconf 91' lang='lat' dir='ltr'>per</span> <span class='ocrx_word' id='word_1_59' title='bbox 912 1849 1041 1934; x_wconf 86' lang='lat' dir='ltr'>aliquos</span> <span class='ocrx_word' id='word_1_60' title='bbox 1064 1849 1149 1930; x_wconf 87' lang='lat' dir='ltr'>duci,</span> <span class='ocrx_word' id='word_1_61' title='bbox 1165 1869 1223 1914; x_wconf 91' lang='lat' dir='ltr'>seu</span> <span class='ocrx_word' id='word_1_62' title='bbox 1245 1848 1389 1934; x_wconf 81' lang='lat' dir='ltr'><strong>aliquam</strong></span> <span class='ocrx_word' id='word_1_63' title='bbox 1404 1845 1526 1912; x_wconf 85' lang='lat' dir='ltr'>malam</span> <span class='ocrx_word' id='word_1_64' title='bbox 1617 1869 1622 1878; x_wconf 93' lang='lat'>·</span> 
     </span>
     <span class='ocr_line' id='line_1_10' title="bbox 306 1922 1525 2038; baseline -0.007 -16"><span class='ocrx_word' id='word_1_65' title='bbox 306 1922 420 2022; x_wconf 51' lang='lat' dir='ltr'>{libbi</span> <span class='ocrx_word' id='word_1_66' title='bbox 477 1961 495 1988; x_wconf 91' lang='lat'>“</span> <span class='ocrx_word' id='word_1_67' title='bbox 517 1956 685 2019; x_wconf 81' lang='lat' dir='ltr'>monetam</span> <span class='ocrx_word' id='word_1_68' title='bbox 723 1950 767 2017; x_wconf 90' lang='lat' dir='ltr'>ad</span> <span class='ocrx_word' id='word_1_69' title='bbox 798 1951 969 2016; x_wconf 87' lang='lat' dir='ltr'>civitatem</span> <span class='ocrx_word' id='word_1_70' title='bbox 994 1952 1187 2038; x_wconf 75' lang='lat' dir='ltr'>praedictam</span> <span class='ocrx_word' id='word_1_71' title='bbox 1225 1950 1345 2016; x_wconf 88' lang='lat' dir='ltr'>deferri</span> <span class='ocrx_word' id='word_1_72' title='bbox 1389 1949 1525 2014; x_wconf 91' lang='lat' dir='ltr'>minime</span> 
     </span>
     <span class='ocr_line' id='line_1_11' title="bbox 305 2023 1524 2141; baseline -0.002 -21"><span class='ocrx_word' id='word_1_73' title='bbox 305 2023 429 2076; x_wconf 56' lang='lat' dir='ltr'>&#39;mm&#39;</span> <span class='ocrx_word' id='word_1_74' title='bbox 477 2063 494 2091; x_wconf 89' lang='lat'>“</span> <span class='ocrx_word' id='word_1_75' title='bbox 517 2054 761 2141; x_wconf 87' lang='lat' dir='ltr'>permitteretis,</span> <span class='ocrx_word' id='word_1_76' title='bbox 794 2053 856 2118; x_wconf 84' lang='lat' dir='ltr'>sub</span> <span class='ocrx_word' id='word_1_77' title='bbox 889 2054 985 2140; x_wconf 81' lang='lat' dir='ltr'>gravi</span> <span class='ocrx_word' id='word_1_78' title='bbox 1016 2053 1225 2120; x_wconf 84' lang='lat' dir='ltr'>forisfactura</span> <span class='ocrx_word' id='word_1_79' title='bbox 1247 2054 1283 2118; x_wconf 92' lang='lat' dir='ltr'>in</span> <span class='ocrx_word' id='word_1_80' title='bbox 1318 2052 1524 2118; x_wconf 87' lang='lat' dir='ltr'>ordinatione</span> 
     </span>
     <span class='ocr_line' id='line_1_12' title="bbox 476 2155 1523 2243; baseline -0.002 -21"><span class='ocrx_word' id='word_1_81' title='bbox 476 2165 494 2194; x_wconf 89' lang='lat'><strong>“</strong></span> <span class='ocrx_word' id='word_1_82' title='bbox 517 2162 628 2224; x_wconf 87' lang='lat' dir='ltr'>vestra</span> <span class='ocrx_word' id='word_1_83' title='bbox 650 2157 728 2222; x_wconf 90' lang='lat' dir='ltr'>inde</span> <span class='ocrx_word' id='word_1_84' title='bbox 750 2156 838 2222; x_wconf 81' lang='lat' dir='ltr'>facta</span> <span class='ocrx_word' id='word_1_85' title='bbox 859 2157 988 2243; x_wconf 84' lang='lat' dir='ltr'>plenius</span> <span class='ocrx_word' id='word_1_86' title='bbox 1011 2163 1188 2238; x_wconf 85' lang='lat' dir='ltr'>contenta;</span> <span class='ocrx_word' id='word_1_87' title='bbox 1212 2163 1246 2222; x_wconf 87' lang='lat' dir='ltr'>et</span> <span class='ocrx_word' id='word_1_88' title='bbox 1263 2156 1335 2241; x_wconf 88' lang='lat' dir='ltr'>jam</span> <span class='ocrx_word' id='word_1_89' title='bbox 1357 2155 1523 2221; x_wconf 81' lang='lat' dir='ltr'>intellexi·</span> 
     </span>
     <span class='ocr_line' id='line_1_13' title="bbox 476 2258 1524 2344; baseline -0.001 -20"><span class='ocrx_word' id='word_1_90' title='bbox 476 2266 495 2295; x_wconf 92' lang='lat'><em>“</em></span> <span class='ocrx_word' id='word_1_91' title='bbox 517 2281 591 2325; x_wconf 89' lang='lat' dir='ltr'>mus</span> <span class='ocrx_word' id='word_1_92' title='bbox 628 2258 717 2344; x_wconf 93' lang='lat' dir='ltr'>quod</span> <span class='ocrx_word' id='word_1_93' title='bbox 763 2264 961 2324; x_wconf 78' lang='lat' dir='ltr'><strong>mercatores</strong></span> <span class='ocrx_word' id='word_1_94' title='bbox 995 2258 1036 2326; x_wconf 88' lang='lat' dir='ltr'>de</span> <span class='ocrx_word' id='word_1_95' title='bbox 1075 2258 1281 2337; x_wconf 78' lang='lat' dir='ltr'><strong>Alamannia,</strong></span> <span class='ocrx_word' id='word_1_96' title='bbox 1312 2258 1350 2323; x_wconf 93' lang='lat' dir='ltr'>in</span> <span class='ocrx_word' id='word_1_97' title='bbox 1387 2258 1524 2324; x_wconf 86' lang='lat' dir='ltr'>civitate</span> 
     </span>
     <span class='ocr_line' id='line_1_14' title="bbox 476 2361 1524 2450; baseline -0.004 -22"><span class='ocrx_word' id='word_1_98' title='bbox 476 2370 494 2397; x_wconf 90' lang='lat'><strong>“</strong></span> <span class='ocrx_word' id='word_1_99' title='bbox 517 2362 675 2450; x_wconf 83' lang='lat' dir='ltr'>praedicta</span> <span class='ocrx_word' id='word_1_100' title='bbox 699 2367 947 2442; x_wconf 85' lang='lat' dir='ltr'>commorantes,</span> <span class='ocrx_word' id='word_1_101' title='bbox 971 2363 1032 2427; x_wconf 88' lang='lat' dir='ltr'>sub</span> <span class='ocrx_word' id='word_1_102' title='bbox 1059 2362 1164 2427; x_wconf 88' lang='lat' dir='ltr'>colore</span> <span class='ocrx_word' id='word_1_103' title='bbox 1194 2361 1400 2446; x_wconf 87' lang='lat' dir='ltr'>quarundam</span> <span class='ocrx_word' id='word_1_104' title='bbox 1425 2361 1524 2426; x_wconf 90' lang='lat' dir='ltr'>liber-</span> 
     </span>
     <span class='ocr_line' id='line_1_15' title="bbox 477 2465 1525 2554; baseline -0.004 -20"><span class='ocrx_word' id='word_1_105' title='bbox 477 2475 495 2505; x_wconf 90' lang='lat'><strong>“</strong></span> <span class='ocrx_word' id='word_1_106' title='bbox 518 2473 628 2534; x_wconf 86' lang='lat' dir='ltr'>tatum</span> <span class='ocrx_word' id='word_1_107' title='bbox 644 2473 679 2534; x_wconf 88' lang='lat' dir='ltr'>et</span> <span class='ocrx_word' id='word_1_108' title='bbox 701 2467 965 2554; x_wconf 87' lang='lat' dir='ltr'>quietanciarum</span> <span class='ocrx_word' id='word_1_109' title='bbox 992 2468 1039 2532; x_wconf 87' lang='lat' dir='ltr'>eis</span> <span class='ocrx_word' id='word_1_110' title='bbox 1068 2488 1127 2554; x_wconf 91' lang='lat' dir='ltr'>per</span> <span class='ocrx_word' id='word_1_111' title='bbox 1151 2488 1212 2533; x_wconf 85' lang='lat' dir='ltr'>nos</span> <span class='ocrx_word' id='word_1_112' title='bbox 1235 2472 1270 2533; x_wconf 87' lang='lat' dir='ltr'>ot</span> <span class='ocrx_word' id='word_1_113' title='bbox 1299 2465 1525 2553; x_wconf 69' lang='lat' dir='ltr'>progenitores</span> 
     </span>
     <span class='ocr_line' id='line_1_16' title="bbox 477 2568 1526 2656; baseline -0.001 -22"><span class='ocrx_word' id='word_1_114' title='bbox 477 2578 495 2606; x_wconf 87' lang='lat'><strong>“</strong></span> <span class='ocrx_word' id='word_1_115' title='bbox 517 2577 646 2636; x_wconf 88' lang='lat' dir='ltr'>nostros</span> <span class='ocrx_word' id='word_1_116' title='bbox 656 2592 889 2651; x_wconf 88' lang='lat' dir='ltr'>concessarum,</span> <span class='ocrx_word' id='word_1_117' title='bbox 901 2571 1060 2656; x_wconf 89' lang='lat' dir='ltr'>quosdam</span> <span class='ocrx_word' id='word_1_118' title='bbox 1074 2574 1269 2635; x_wconf 72' lang='lat' dir='ltr'>mercatores</span> <span class='ocrx_word' id='word_1_119' title='bbox 1285 2573 1466 2646; x_wconf 84' lang='lat' dir='ltr'>extraneos,</span> <span class='ocrx_word' id='word_1_120' title='bbox 1483 2568 1526 2633; x_wconf 86' lang='lat' dir='ltr'>ad</span> 
     </span>
     <span class='ocr_line' id='line_1_17' title="bbox 476 2675 1525 2762; baseline -0.002 -22"><span class='ocrx_word' id='word_1_121' title='bbox 476 2676 690 2741; x_wconf 87' lang='lat' dir='ltr'>“civitatem</span> <span class='ocrx_word' id='word_1_122' title='bbox 723 2677 916 2762; x_wconf 84' lang='lat' dir='ltr'>praedictam</span> <span class='ocrx_word' id='word_1_123' title='bbox 947 2698 1021 2741; x_wconf 89' lang='lat' dir='ltr'>oum</span> <span class='ocrx_word' id='word_1_124' title='bbox 1053 2675 1198 2741; x_wconf 86' lang='lat' dir='ltr'>fardellis</span> <span class='ocrx_word' id='word_1_125' title='bbox 1231 2681 1267 2742; x_wconf 90' lang='lat' dir='ltr'>et</span> <span class='ocrx_word' id='word_1_126' title='bbox 1304 2675 1525 2740; x_wconf 84' lang='lat' dir='ltr'>mercimoniis</span> 
     </span>
     <span class='ocr_line' id='line_1_18' title="bbox 476 2777 1525 2854; baseline -0.002 -12"><span class='ocrx_word' id='word_1_127' title='bbox 476 2784 494 2813; x_wconf 88' lang='lat'>“</span> <span class='ocrx_word' id='word_1_128' title='bbox 517 2779 585 2843; x_wconf 86' lang='lat' dir='ltr'>suis</span> <span class='ocrx_word' id='word_1_129' title='bbox 615 2778 754 2843; x_wconf 87' lang='lat' dir='ltr'>diversis</span> <span class='ocrx_word' id='word_1_130' title='bbox 778 2779 957 2854; x_wconf 87' lang='lat' dir='ltr'>venientes,</span> <span class='ocrx_word' id='word_1_131' title='bbox 989 2781 1163 2845; x_wconf 81' lang='lat' dir='ltr'>noctanter·</span> <span class='ocrx_word' id='word_1_132' title='bbox 1186 2781 1221 2844; x_wconf 86' lang='lat' dir='ltr'>et</span> <span class='ocrx_word' id='word_1_133' title='bbox 1245 2778 1328 2842; x_wconf 90' lang='lat' dir='ltr'>clam</span> <span class='ocrx_word' id='word_1_134' title='bbox 1350 2778 1391 2842; x_wconf 92' lang='lat' dir='ltr'>de</span> <span class='ocrx_word' id='word_1_135' title='bbox 1413 2777 1467 2842; x_wconf 91' lang='lat' dir='ltr'>die</span> <span class='ocrx_word' id='word_1_136' title='bbox 1489 2777 1525 2840; x_wconf 89' lang='lat' dir='ltr'>in</span> 
     </span>
     <span class='ocr_line' id='line_1_19' title="bbox 477 2879 1522 2966; baseline 0 -22"><span class='ocrx_word' id='word_1_137' title='bbox 477 2888 494 2914; x_wconf 88' lang='lat'><strong>“</strong></span> <span class='ocrx_word' id='word_1_138' title='bbox 519 2881 672 2945; x_wconf 85' lang='lat' dir='ltr'>domibus</span> <span class='ocrx_word' id='word_1_139' title='bbox 687 2880 764 2960; x_wconf 86' lang='lat' dir='ltr'>suis,</span> <span class='ocrx_word' id='word_1_140' title='bbox 785 2886 856 2944; x_wconf 88' lang='lat' dir='ltr'>tam</span> <span class='ocrx_word' id='word_1_141' title='bbox 871 2901 969 2966; x_wconf 91' lang='lat' dir='ltr'>super</span> <span class='ocrx_word' id='word_1_142' title='bbox 984 2902 1104 2966; x_wconf 86' lang='lat' dir='ltr'>aquam</span> <span class='ocrx_word' id='word_1_143' title='bbox 1121 2903 1218 2966; x_wconf 90' lang='lat' dir='ltr'>quam</span> <span class='ocrx_word' id='word_1_144' title='bbox 1236 2879 1325 2960; x_wconf 88' lang='lat' dir='ltr'>alibi,</span> <span class='ocrx_word' id='word_1_145' title='bbox 1347 2882 1384 2944; x_wconf 91' lang='lat' dir='ltr'>in</span> <span class='ocrx_word' id='word_1_146' title='bbox 1409 2879 1522 2945; x_wconf 84' lang='lat' dir='ltr'>eadem</span> 
     </span>
     <span class='ocr_line' id='line_1_20' title="bbox 477 2983 1527 3069; baseline -0.001 -21"><span class='ocrx_word' id='word_1_147' title='bbox 477 2989 494 3018; x_wconf 91' lang='lat'><em>“</em></span> <span class='ocrx_word' id='word_1_148' title='bbox 517 2983 654 3049; x_wconf 85' lang='lat' dir='ltr'>civitate</span> <span class='ocrx_word' id='word_1_149' title='bbox 677 2987 855 3068; x_wconf 82' lang='lat' dir='ltr'>receptant,</span> <span class='ocrx_word' id='word_1_150' title='bbox 871 2987 906 3048; x_wconf 89' lang='lat' dir='ltr'>et</span> <span class='ocrx_word' id='word_1_151' title='bbox 921 2983 1133 3048; x_wconf 84' lang='lat' dir='ltr'>mercimonia</span> <span class='ocrx_word' id='word_1_152' title='bbox 1156 2983 1214 3047; x_wconf 91' lang='lat' dir='ltr'>illa</span> <span class='ocrx_word' id='word_1_153' title='bbox 1236 3005 1304 3048; x_wconf 84' lang='lat' dir='ltr'>esse</span> <span class='ocrx_word' id='word_1_154' title='bbox 1319 3005 1379 3048; x_wconf 83' lang='lat' dir='ltr'>sua</span> <span class='ocrx_word' id='word_1_155' title='bbox 1393 2983 1527 3069; x_wconf 86' lang='lat' dir='ltr'>propria</span> 
     </span>
     <span class='ocr_line' id='line_1_21' title="bbox 476 3085 1524 3172; baseline -0.001 -22"><span class='ocrx_word' id='word_1_156' title='bbox 476 3088 637 3172; x_wconf 89' lang='lat' dir='ltr'>“saepius</span> <span class='ocrx_word' id='word_1_157' title='bbox 664 3085 836 3164; x_wconf 87' lang='lat' dir='ltr'>advocant,</span> <span class='ocrx_word' id='word_1_158' title='bbox 862 3091 896 3150; x_wconf 87' lang='lat' dir='ltr'>et</span> <span class='ocrx_word' id='word_1_159' title='bbox 919 3107 966 3163; x_wconf 90' lang='lat' dir='ltr'>ea,</span> <span class='ocrx_word' id='word_1_160' title='bbox 991 3086 1061 3150; x_wconf 91' lang='lat' dir='ltr'>sine</span> <span class='ocrx_word' id='word_1_161' title='bbox 1085 3085 1161 3150; x_wconf 89' lang='lat' dir='ltr'>visu</span> <span class='ocrx_word' id='word_1_162' title='bbox 1191 3091 1302 3151; x_wconf 84' lang='lat' dir='ltr'>vestro</span> <span class='ocrx_word' id='word_1_163' title='bbox 1326 3091 1360 3151; x_wconf 87' lang='lat' dir='ltr'>et</span> <span class='ocrx_word' id='word_1_164' title='bbox 1400 3085 1524 3171; x_wconf 88' lang='lat' dir='ltr'>absque</span> 
     </span>
     <span class='ocr_line' id='line_1_22' title="bbox 472 3186 1527 3274; baseline -0.003 -20"><span class='ocrx_word' id='word_1_165' title='bbox 472 3195 493 3224; x_wconf 89' lang='lat'><strong><em>“</em></strong></span> <span class='ocrx_word' id='word_1_166' title='bbox 516 3188 674 3254; x_wconf 87' lang='lat' dir='ltr'>scrutinio</span> <span class='ocrx_word' id='word_1_167' title='bbox 697 3189 807 3273; x_wconf 90' lang='lat' dir='ltr'>aliquo</span> <span class='ocrx_word' id='word_1_168' title='bbox 830 3188 915 3252; x_wconf 69' lang='lat' dir='ltr'>⁴inde</span> <span class='ocrx_word' id='word_1_169' title='bbox 938 3209 997 3274; x_wconf 89' lang='lat' dir='ltr'>per</span> <span class='ocrx_word' id='word_1_170' title='bbox 1034 3209 1094 3253; x_wconf 85' lang='lat' dir='ltr'>vos</span> <span class='ocrx_word' id='word_1_171' title='bbox 1123 3186 1221 3269; x_wconf 88' lang='lat' dir='ltr'>facto,</span> <span class='ocrx_word' id='word_1_172' title='bbox 1259 3187 1445 3253; x_wconf 87' lang='lat' dir='ltr'>venditioni</span> <span class='ocrx_word' id='word_1_173' title='bbox 1468 3209 1527 3252; x_wconf 84' lang='lat' dir='ltr'>ex-</span> 
     </span>
     <span class='ocr_line' id='line_1_23' title="bbox 474 3289 1524 3377; baseline -0.001 -22"><span class='ocrx_word' id='word_1_174' title='bbox 474 3298 492 3326; x_wconf 93' lang='lat'><strong>“</strong></span> <span class='ocrx_word' id='word_1_175' title='bbox 516 3296 662 3377; x_wconf 81' lang='lat' dir='ltr'>ponunt3</span> <span class='ocrx_word' id='word_1_176' title='bbox 686 3313 744 3377; x_wconf 91' lang='lat' dir='ltr'>per</span> <span class='ocrx_word' id='word_1_177' title='bbox 766 3291 864 3377; x_wconf 92' lang='lat' dir='ltr'>quod,</span> <span class='ocrx_word' id='word_1_178' title='bbox 887 3291 1141 3356; x_wconf 87' lang='lat' dir='ltr'>consuetudines</span> <span class='ocrx_word' id='word_1_179' title='bbox 1164 3291 1260 3356; x_wconf 88' lang='lat' dir='ltr'>nobis</span> <span class='ocrx_word' id='word_1_180' title='bbox 1285 3289 1325 3354; x_wconf 88' lang='lat' dir='ltr'>dc</span> <span class='ocrx_word' id='word_1_181' title='bbox 1356 3291 1524 3355; x_wconf 89' lang='lat' dir='ltr'>mercimo-</span> 
     </span>
     <span class='ocr_line' id='line_1_24' title="bbox 475 3391 1527 3479; baseline 0 -23"><span class='ocrx_word' id='word_1_182' title='bbox 475 3400 493 3428; x_wconf 90' lang='lat'>“</span> <span class='ocrx_word' id='word_1_183' title='bbox 515 3393 581 3458; x_wconf 86' lang='lat' dir='ltr'>niis</span> <span class='ocrx_word' id='word_1_184' title='bbox 596 3395 632 3456; x_wconf 92' lang='lat' dir='ltr'>in</span> <span class='ocrx_word' id='word_1_185' title='bbox 646 3393 792 3458; x_wconf 88' lang='lat' dir='ltr'>fardellis</span> <span class='ocrx_word' id='word_1_186' title='bbox 810 3392 875 3457; x_wconf 89' lang='lat' dir='ltr'>illis</span> <span class='ocrx_word' id='word_1_187' title='bbox 890 3393 1108 3458; x_wconf 82' lang='lat' dir='ltr'>existentibus</span> <span class='ocrx_word' id='word_1_188' title='bbox 1123 3393 1245 3459; x_wconf 86' lang='lat' dir='ltr'>debitae</span> <span class='ocrx_word' id='word_1_189' title='bbox 1260 3391 1383 3479; x_wconf 87' lang='lat' dir='ltr'>pluries</span> <span class='ocrx_word' id='word_1_190' title='bbox 1398 3391 1527 3457; x_wconf 86' lang='lat' dir='ltr'>subtra-</span> 
     </span>
     <span class='ocr_line' id='line_1_25' title="bbox 475 3487 1526 3580; baseline 0 -22"><span class='ocrx_word' id='word_1_191' title='bbox 475 3505 492 3530; x_wconf 88' lang='lat'><strong>“</strong></span> <span class='ocrx_word' id='word_1_192' title='bbox 516 3487 642 3560; x_wconf 84' lang='lat' dir='ltr'>huntur</span> <span class='ocrx_word' id='word_1_193' title='bbox 653 3519 662 3574; x_wconf 91' lang='lat'>;</span> <span class='ocrx_word' id='word_1_194' title='bbox 685 3501 719 3560; x_wconf 91' lang='lat' dir='ltr'>et</span> <span class='ocrx_word' id='word_1_195' title='bbox 746 3496 834 3560; x_wconf 86' lang='lat' dir='ltr'>mala</span> <span class='ocrx_word' id='word_1_196' title='bbox 866 3500 1008 3576; x_wconf 87' lang='lat' dir='ltr'>moneta,</span> <span class='ocrx_word' id='word_1_197' title='bbox 1034 3496 1062 3560; x_wconf 90' lang='lat' dir='ltr'>si</span> <span class='ocrx_word' id='word_1_198' title='bbox 1088 3495 1125 3560; x_wconf 94' lang='lat' dir='ltr'>in</span> <span class='ocrx_word' id='word_1_199' title='bbox 1162 3494 1351 3580; x_wconf 87' lang='lat' dir='ltr'>hujusmodi</span> <span class='ocrx_word' id='word_1_200' title='bbox 1381 3495 1526 3560; x_wconf 87' lang='lat' dir='ltr'>fardellis</span> 
     </span>
     <span class='ocr_line' id='line_1_26' title="bbox 476 3595 1525 3684; baseline 0 -22"><span class='ocrx_word' id='word_1_201' title='bbox 476 3604 493 3634; x_wconf 88' lang='lat'>“</span> <span class='ocrx_word' id='word_1_202' title='bbox 515 3620 619 3683; x_wconf 88' lang='lat' dir='ltr'>usque</span> <span class='ocrx_word' id='word_1_203' title='bbox 649 3599 693 3662; x_wconf 90' lang='lat' dir='ltr'>ad</span> <span class='ocrx_word' id='word_1_204' title='bbox 723 3598 895 3663; x_wconf 85' lang='lat' dir='ltr'>civitatem</span> <span class='ocrx_word' id='word_1_205' title='bbox 922 3595 1138 3684; x_wconf 86' lang='lat' dir='ltr'>praedictam¹</span> <span class='ocrx_word' id='word_1_206' title='bbox 1165 3597 1391 3678; x_wconf 81' lang='lat' dir='ltr'>deserreretur,</span> <span class='ocrx_word' id='word_1_207' title='bbox 1415 3601 1525 3684; x_wconf 88' lang='lat' dir='ltr'>posset</span> 
     </span>
     <span class='ocr_line' id='line_1_27' title="bbox 475 3698 1525 3787; baseline -0.001 -22"><span class='ocrx_word' id='word_1_208' title='bbox 475 3708 493 3736; x_wconf 91' lang='lat'><em>“</em></span> <span class='ocrx_word' id='word_1_209' title='bbox 515 3721 575 3785; x_wconf 83' lang='lat' dir='ltr'>per</span> <span class='ocrx_word' id='word_1_210' title='bbox 589 3698 778 3787; x_wconf 86' lang='lat' dir='ltr'>hujusmodi</span> <span class='ocrx_word' id='word_1_211' title='bbox 801 3699 1050 3766; x_wconf 86' lang='lat' dir='ltr'>advocationem</span> <span class='ocrx_word' id='word_1_212' title='bbox 1073 3703 1108 3764; x_wconf 90' lang='lat' dir='ltr'>et</span> <span class='ocrx_word' id='word_1_213' title='bbox 1122 3699 1378 3786; x_wconf 87' lang='lat' dir='ltr'>receptationem</span> <span class='ocrx_word' id='word_1_214' title='bbox 1401 3699 1525 3764; x_wconf 89' lang='lat' dir='ltr'>ibidem</span> 
     </span>
     <span class='ocr_line' id='line_1_28' title="bbox 475 3801 1525 3888; baseline 0 -22"><span class='ocrx_word' id='word_1_215' title='bbox 475 3811 492 3841; x_wconf 88' lang='lat'><strong>“</strong></span> <span class='ocrx_word' id='word_1_216' title='bbox 515 3801 697 3882; x_wconf 81' lang='lat' dir='ltr'>conoelari3</span> <span class='ocrx_word' id='word_1_217' title='bbox 732 3801 773 3866; x_wconf 92' lang='lat' dir='ltr'>de</span> <span class='ocrx_word' id='word_1_218' title='bbox 804 3823 869 3886; x_wconf 91' lang='lat' dir='ltr'>quo</span> <span class='ocrx_word' id='word_1_219' title='bbox 899 3801 993 3866; x_wconf 82' lang='lat' dir='ltr'>nobis</span> <span class='ocrx_word' id='word_1_220' title='bbox 1028 3805 1064 3867; x_wconf 83' lang='lat' dir='ltr'>et</span> <span class='ocrx_word' id='word_1_221' title='bbox 1100 3805 1174 3867; x_wconf 86' lang='lat' dir='ltr'>toto</span> <span class='ocrx_word' id='word_1_222' title='bbox 1196 3823 1298 3888; x_wconf 86' lang='lat' dir='ltr'>regno</span> <span class='ocrx_word' id='word_1_223' title='bbox 1335 3805 1458 3882; x_wconf 85' lang='lat' dir='ltr'>nostro,</span> <span class='ocrx_word' id='word_1_224' title='bbox 1497 3802 1525 3867; x_wconf 88' lang='lat' dir='ltr'>si</span> 
     </span>
     <span class='ocr_line' id='line_1_29' title="bbox 474 3903 1525 3990; baseline 0 -20"><span class='ocrx_word' id='word_1_225' title='bbox 474 3910 491 3940; x_wconf 88' lang='lat'><strong>“</strong></span> <span class='ocrx_word' id='word_1_226' title='bbox 514 3903 773 3990; x_wconf 83' lang='lat' dir='ltr'>permitteretur,</span> <span class='ocrx_word' id='word_1_227' title='bbox 812 3903 1024 3969; x_wconf 83' lang='lat' dir='ltr'>manifestum</span> <span class='ocrx_word' id='word_1_228' title='bbox 1067 3903 1294 3990; x_wconf 88' lang='lat' dir='ltr'>praejudicium</span> <span class='ocrx_word' id='word_1_229' title='bbox 1333 3905 1525 3970; x_wconf 82' lang='lat' dir='ltr'>eveniret-</span> 
     </span>
     <span class='ocr_line' id='line_1_30' title="bbox 474 4005 1526 4094; baseline 0.001 -23"><span class='ocrx_word' id='word_1_230' title='bbox 474 4011 493 4042; x_wconf 87' lang='lat'><em>“</em></span> <span class='ocrx_word' id='word_1_231' title='bbox 520 4005 678 4072; x_wconf 82' lang='lat' dir='ltr'>Volentes</span> <span class='ocrx_word' id='word_1_232' title='bbox 692 4006 883 4092; x_wconf 85' lang='lat' dir='ltr'>hujusmodi</span> <span class='ocrx_word' id='word_1_233' title='bbox 906 4005 1043 4072; x_wconf 86' lang='lat' dir='ltr'>malitiae</span> <span class='ocrx_word' id='word_1_234' title='bbox 1058 4027 1201 4094; x_wconf 86' lang='lat' dir='ltr'>congruo</span> <span class='ocrx_word' id='word_1_235' title='bbox 1224 4007 1368 4072; x_wconf 89' lang='lat' dir='ltr'>remedio</span> <span class='ocrx_word' id='word_1_236' title='bbox 1383 4007 1526 4087; x_wconf 88' lang='lat' dir='ltr'>obviare,</span> 
     </span>
     <span class='ocr_line' id='line_1_31' title="bbox 473 4107 1527 4195; baseline 0.002 -22"><span class='ocrx_word' id='word_1_237' title='bbox 473 4107 609 4173; x_wconf 86' lang='lat' dir='ltr'>“vobis</span> <span class='ocrx_word' id='word_1_238' title='bbox 639 4107 857 4194; x_wconf 86' lang='lat' dir='ltr'>praecipimus,</span> <span class='ocrx_word' id='word_1_239' title='bbox 881 4108 969 4194; x_wconf 92' lang='lat' dir='ltr'>quod</span> <span class='ocrx_word' id='word_1_240' title='bbox 993 4108 1160 4195; x_wconf 76' lang='lat' dir='ltr'>praedictis</span> <span class='ocrx_word' id='word_1_241' title='bbox 1187 4109 1423 4175; x_wconf 87' lang='lat' dir='ltr'>mercatoribus</span> <span class='ocrx_word' id='word_1_242' title='bbox 1448 4108 1527 4175; x_wconf 82' lang='lat' dir='ltr'>Ale·</span> 
     </span>
     <span class='ocr_line' id='line_1_32' title="bbox 475 4209 1521 4296; baseline 0.001 -22"><span class='ocrx_word' id='word_1_243' title='bbox 475 4209 659 4276; x_wconf 78' lang='lat' dir='ltr'>“manniae</span> <span class='ocrx_word' id='word_1_244' title='bbox 688 4232 731 4274; x_wconf 86' lang='lat' dir='ltr'>ex</span> <span class='ocrx_word' id='word_1_245' title='bbox 764 4215 858 4296; x_wconf 80' lang='lat' dir='ltr'>parte</span> <span class='ocrx_word' id='word_1_246' title='bbox 889 4216 1003 4276; x_wconf 86' lang='lat' dir='ltr'>nostra</span> <span class='ocrx_word' id='word_1_247' title='bbox 1036 4209 1166 4276; x_wconf 86' lang='lat' dir='ltr'>faciatis</span> <span class='ocrx_word' id='word_1_248' title='bbox 1196 4213 1338 4277; x_wconf 86' lang='lat' dir='ltr'>firmiter</span> <span class='ocrx_word' id='word_1_249' title='bbox 1368 4211 1521 4290; x_wconf 89' lang='lat' dir='ltr'>inhiberi,</span> 
     </span>
     <span class='ocr_line' id='line_1_33' title="bbox 473 4311 1524 4401; baseline 0.001 -24"><span class='ocrx_word' id='word_1_250' title='bbox 473 4321 490 4345; x_wconf 89' lang='lat'>“</span> <span class='ocrx_word' id='word_1_251' title='bbox 513 4333 554 4377; x_wconf 92' lang='lat' dir='ltr'>ne</span> <span class='ocrx_word' id='word_1_252' title='bbox 586 4311 699 4398; x_wconf 86' lang='lat' dir='ltr'>aliqua</span> <span class='ocrx_word' id='word_1_253' title='bbox 729 4312 942 4377; x_wconf 88' lang='lat' dir='ltr'>mercimonia</span> <span class='ocrx_word' id='word_1_254' title='bbox 970 4312 1037 4378; x_wconf 89' lang='lat' dir='ltr'>alia</span> <span class='ocrx_word' id='word_1_255' title='bbox 1067 4335 1166 4398; x_wconf 90' lang='lat' dir='ltr'>quam</span> <span class='ocrx_word' id='word_1_256' title='bbox 1197 4335 1256 4378; x_wconf 91' lang='lat' dir='ltr'>sua</span> <span class='ocrx_word' id='word_1_257' title='bbox 1293 4313 1434 4401; x_wconf 87' lang='lat' dir='ltr'>propria,</span> <span class='ocrx_word' id='word_1_258' title='bbox 1462 4315 1524 4378; x_wconf 87' lang='lat' dir='ltr'>sub</span> 
     </span>
     <span class='ocr_line' id='line_1_34' title="bbox 472 4411 1522 4504; baseline 0.004 -27"><span class='ocrx_word' id='word_1_259' title='bbox 472 4411 721 4480; x_wconf 82' lang='lat' dir='ltr'>“forisfactura</span> <span class='ocrx_word' id='word_1_260' title='bbox 747 4413 895 4480; x_wconf 91' lang='lat' dir='ltr'>omnium</span> <span class='ocrx_word' id='word_1_261' title='bbox 927 4437 1001 4504; x_wconf 76' lang='lat' dir='ltr'>quse</span> <span class='ocrx_word' id='word_1_262' title='bbox 1031 4414 1127 4480; x_wconf 90' lang='lat' dir='ltr'>nobis</span> <span class='ocrx_word' id='word_1_263' title='bbox 1151 4413 1334 4482; x_wconf 84' lang='lat' dir='ltr'>forisfacere</span> <span class='ocrx_word' id='word_1_264' title='bbox 1356 4421 1522 4501; x_wconf 85' lang='lat' dir='ltr'>poterunt,</span> 
     </span>
     <span class='ocr_line' id='line_1_35' title="bbox 472 4515 1524 4604; baseline 0.001 -23"><span class='ocrx_word' id='word_1_265' title='bbox 472 4522 491 4552; x_wconf 90' lang='lat'><strong>“</strong></span> <span class='ocrx_word' id='word_1_266' title='bbox 513 4517 685 4596; x_wconf 88' lang='lat' dir='ltr'>advocent,</span> <span class='ocrx_word' id='word_1_267' title='bbox 703 4538 760 4582; x_wconf 88' lang='lat' dir='ltr'>seu</span> <span class='ocrx_word' id='word_1_268' title='bbox 785 4515 869 4582; x_wconf 89' lang='lat' dir='ltr'>clam</span> <span class='ocrx_word' id='word_1_269' title='bbox 885 4517 937 4583; x_wconf 89' lang='lat' dir='ltr'>vel</span> <span class='ocrx_word' id='word_1_270' title='bbox 959 4517 1070 4604; x_wconf 78' lang='lat' dir='ltr'>palam</span> <span class='ocrx_word' id='word_1_271' title='bbox 1092 4521 1270 4603; x_wconf 87' lang='lat' dir='ltr'>receptent,</span> <span class='ocrx_word' id='word_1_272' title='bbox 1285 4538 1392 4602; x_wconf 90' lang='lat' dir='ltr'>neque</span> <span class='ocrx_word' id='word_1_273' title='bbox 1412 4518 1524 4604; x_wconf 87' lang='lat' dir='ltr'>aliqua</span> 
     </span>
     <span class='ocr_line' id='line_1_36' title="bbox 471 4617 1524 4707; baseline 0.002 -24"><span class='ocrx_word' id='word_1_274' title='bbox 471 4625 490 4654; x_wconf 87' lang='lat'><strong>“</strong></span> <span class='ocrx_word' id='word_1_275' title='bbox 513 4618 702 4707; x_wconf 89' lang='lat' dir='ltr'>hujusmodi</span> <span class='ocrx_word' id='word_1_276' title='bbox 728 4617 866 4684; x_wconf 83' lang='lat' dir='ltr'>fardello</span> <span class='ocrx_word' id='word_1_277' title='bbox 888 4618 932 4684; x_wconf 90' lang='lat' dir='ltr'>ad</span> <span class='ocrx_word' id='word_1_278' title='bbox 953 4619 1123 4685; x_wconf 82' lang='lat' dir='ltr'>civitatem</span> <span class='ocrx_word' id='word_1_279' title='bbox 1147 4618 1239 4684; x_wconf 90' lang='lat' dir='ltr'>illam</span> <span class='ocrx_word' id='word_1_280' title='bbox 1262 4618 1432 4686; x_wconf 82' lang='lat' dir='ltr'>venientia</span> <span class='ocrx_word' id='word_1_281' title='bbox 1458 4620 1524 4685; x_wconf 89' lang='lat' dir='ltr'>dis·</span> 
     </span>
    </p>
   </div>
   <div class='ocr_carea' id='block_1_6' title="bbox 471 4720 1524 4803">
    <p class='ocr_par' dir='ltr' id='par_1_6' title="bbox 471 4720 1524 4803">
     <span class='ocr_line' id='line_1_37' title="bbox 471 4720 1524 4803; baseline -0.001 -16"><span class='ocrx_word' id='word_1_282' title='bbox 471 4728 489 4754; x_wconf 82' lang='lat'>‘¹</span> <span class='ocrx_word' id='word_1_283' title='bbox 512 4721 669 4803; x_wconf 81' lang='lat' dir='ltr'>solvant3</span> <span class='ocrx_word' id='word_1_284' title='bbox 690 4743 751 4787; x_wconf 89' lang='lat' dir='ltr'>nec</span> <span class='ocrx_word' id='word_1_285' title='bbox 765 4722 978 4788; x_wconf 89' lang='lat' dir='ltr'>mercimonia</span> <span class='ocrx_word' id='word_1_286' title='bbox 1000 4742 1060 4787; x_wconf 84' lang='lat' dir='ltr'>sua</span> <span class='ocrx_word' id='word_1_287' title='bbox 1075 4743 1133 4787; x_wconf 83' lang='lat' dir='ltr'>eeu</span> <span class='ocrx_word' id='word_1_288' title='bbox 1156 4721 1303 4802; x_wconf 88' lang='lat' dir='ltr'>eliorum,</span> <span class='ocrx_word' id='word_1_289' title='bbox 1327 4722 1364 4785; x_wconf 90' lang='lat' dir='ltr'>in</span> <span class='ocrx_word' id='word_1_290' title='bbox 1379 4720 1524 4788; x_wconf 83' lang='lat' dir='ltr'>fardellis</span> 
     </span>
    </p>
   </div>
   <div class='ocr_carea' id='block_1_7' title="bbox 861 4881 1136 4950">
    <p class='ocr_par' dir='ltr' id='par_1_7' title="bbox 861 4881 1136 4950">
     <span class='ocr_line' id='line_1_38' title="bbox 861 4881 1136 4950; baseline -0.007 -14"><span class='ocrx_word' id='word_1_291' title='bbox 861 4883 868 4917; x_wconf 70' lang='lat'><strong>²</strong></span> <span class='ocrx_word' id='word_1_292' title='bbox 882 4881 917 4936; x_wconf 81' lang='lat' dir='ltr'>so</span> <span class='ocrx_word' id='word_1_293' title='bbox 928 4881 956 4934; x_wconf 84' lang='lat' dir='ltr'>u</span> <span class='ocrx_word' id='word_1_294' title='bbox 966 4882 1010 4936; x_wconf 75' lang='lat' dir='ltr'>ns</span> <span class='ocrx_word' id='word_1_295' title='bbox 1019 4881 1136 4950; x_wconf 67' lang='lat' dir='ltr'>organo.</span> 
     </span>
    </p>
   </div>
   <div class='ocr_carea' id='block_1_8' title="bbox 0 0 1816 5824">
    <p class='ocr_par' dir='ltr' id='par_1_8' title="bbox 0 0 1816 5824">
     <span class='ocr_line' id='line_1_39' title="bbox 0 0 1816 5824; baseline 0 1"><span class='ocrx_word' id='word_1_296' title='bbox 0 0 1816 5824; x_wconf 95' lang='lat' dir='ltr'> </span> 
     </span>
    </p>
   </div>
  </div>
 </body>
</html>
