3462 5836
227 861 428 948 116666]
447 877 643 927 nxrossrou
658 878 705 926 ou
717 877 786 926 rna
797 875 996 926 nssrcnsar
1006 873 1193 924 nuncnune.
1207 861 1272 922 415

226 1065 245 1098 “
268 1063 313 1129 tis
327 1063 506 1150 praediotse,
521 1065 617 1129 nobis
626 1086 685 1151 per
699 1064 796 1151 ipsos,
813 1070 847 1130 et
862 1064 1129 1156 progenitoribus
1143 1062 1273 1139 nostris,

226 1171 244 1200 “
266 1165 434 1232 reddendo
456 1165 482 1230 ii
504 1165 625 1232 solidos
640 1165 814 1232 annuatim
829 1167 870 1232 de
885 1167 1032 1252 quolibet
1047 1165 1144 1231 stallo
1166 1164 1275 1250 cujus-

227 1273 244 1299 ‘'
266 1265 350 1333 libet
365 1267 527 1334 carnificis
542 1267 689 1353 ejusdem
705 1268 862 1348 civitatis,
885 1269 923 1333 in
938 1268 1020 1332 vicis
1035 1267 1157 1332 nostris
1180 1271 1276 1331 extra

226 1373 244 1403 “
267 1368 384 1455 shopas
413 1391 488 1434 suas
511 1369 642 1448 situato,
667 1369 708 1435 de
730 1370 853 1435 eisdem
876 1367 1084 1435 carnificibus
1106 1389 1165 1455 per
1180 1368 1275 1433 Vice-

226 1471 402 1538 “comites
435 1471 581 1557 ejusdem
618 1470 767 1537 civitatis
798 1471 959 1536 levandos
971 1496 979 1552 ;
1003 1470 1139 1555 quidam
1161 1474 1275 1534 tamen

226 1579 244 1606 “
268 1572 442 1639 (locelinus
473 1574 505 1638 16
527 1572 693 1659 Serjaunt,
717 1574 775 1659 qui
806 1573 1075 1639 consuetudinem
1110 1571 1275 1638 dictorum

224 1679 243 1710 “
266 1674 483 1742 iisolidorum
498 1697 684 1742 annuorum
704 1677 746 1740 de
760 1676 926 1762 praedietis
941 1674 1198 1741 Vioecomitibus
1220 1673 1276 1738 ha·

226 1785 243 1810 “
266 1777 342 1843 buit
357 1778 401 1842 ad
423 1778 561 1859 firmam,
586 1800 696 1844 coram
719 1777 815 1844 vobis
837 1778 874 1842 in
897 1777 1022 1843 Itinere
1043 1777 1203 1864 praedicto
1218 1796 1276 1862 per

226 1885 244 1912 “
268 1877 448 1945 Henricum
471 1880 503 1944 16
531 1881 629 1960 Reus,
662 1880 704 1944 de
731 1879 900 1966 Estchepe‚
925 1883 961 1944 et
986 1879 1068 1944 alios
1101 1879 1276 1965 praedictos

225 1985 244 2016 “
266 1981 433 2046 carnifices
455 1981 601 2068 ejusdem
624 1981 782 2062 civitatis,
801 1982 989 2068 separatim,
1005 1986 1040 2047 61
1063 1981 1103 2046 16
1126 2002 1164 2046 eo
1187 1980 1276 2066 quod

226 2089 243 2116 “
265 2081 335 2168 ipse
357 2083 463 2148 dictos
485 2083 510 2147 ii
532 2082 653 2148 solidos
676 2083 717 2148 de
740 2083 889 2169 quolibet
919 2084 1065 2170 ipsorum
1088 2103 1147 2170 per
1168 2103 1202 2148 66
1224 2082 1275 2147 in·
1332 2135 1338 2150 .
1414 2137 1420 2151 .

224 2190 243 2219 ‘⁴
260 2183 353 2269 juste
376 2189 411 2250 61
433 2185 632 2250 auctoritate
654 2206 715 2250 sua
739 2187 883 2272 propria,
907 2191 942 2252 61
963 2207 1022 2272 per
1043 2185 1273 2262 extorsionem,

224 2293 243 2320 “
265 2285 443 2364 levaverat,
475 2286 547 2372 jam
581 2286 622 2353 (16
656 2309 743 2354 novo
776 2287 855 2354 inde
887 2289 924 2353 in
956 2288 1211 2373 Inquisitionem
1241 2309 1275 2352 se

223 2395 240 2422 “
263 2389 383 2474 posuit,
406 2387 512 2454 116166
536 2387 704 2474 Majorem,
729 2395 764 2456 61
778 2390 1006 2467 vicecomites,
1035 2393 1070 2455 61
1092 2389 1272 2456 66666661-

223 2495 243 2526 “
265 2495 378 2570 tatem,
395 2490 516 2577 quibus
537 2491 579 2556 de
601 2491 893 2558 consuetudinibus
915 2493 1102 2579 specialiter
1116 2491 1274 2576 competit

222 2600 241 2628 ‘¹
264 2593 417 2671 defensio,
435 2593 471 2658 in
493 2593 656 2659 auxilium
679 2615 748 2659 non
764 2595 928 2678 ,vocando
946 2595 1003 2660 sed
1032 2597 1120 2680 ipsos
1142 2593 1276 2679 penitus

224 2700 242 2730 “
266 2693 457 2760 omittendo.
517 2694 582 2759 Per
604 2715 704 2779 qnam
727 2694 861 2780 quidem
889 2694 1144 2780 Inquisitionem
1168 2693 1277 2759 (116166

225 2803 243 2830 “
267 2796 440 2862 (locelinus
470 2794 557 2872 inde,
580 2799 621 2860 61
655 2795 785 2874 dicitur,
813 2801 865 2861 est
900 2797 1078 2862 convictus.
1127 2795 1277 2876 Quodsi

226 2904 244 2931 ‘¹
266 2898 316 2963 ita
352 2897 517 2984 procedat,
543 2897 581 2962 in
613 2903 812 2984 perpetuum
842 2898 1073 2984 praejudicium
1111 2898 1276 2964 dictorum

224 3005 242 3034 “
266 2997 409 3085 Majoris,
426 2999 674 3077 Vicscomitum,
692 3005 727 3064 61
751 3000 1009 3079 communitatis,
1032 3004 1067 3064 61
1086 2999 1172 3083 juris
1187 2999 1276 3083 quod

223 3107 242 3136 “
265 3101 329 3166 sibi
351 3107 500 3167 asserunt
530 3105 715 3188 competere
737 3101 774 3166 in
806 3100 868 3166 hoc
901 3122 985 3178 6666
1011 3100 1123 3165 cedere
1153 3101 1276 3185 poterit

225 3211 243 3238 “
265 3201 446 3269 manifeste.
492 3203 537 3269 Et
562 3203 642 3289 quia
663 3201 786 3268 eisdem
811 3201 938 3288 Majori,
961 3202 1225 3280 vicecomitibus,
1242 3205 1277 3267 61

226 3313 243 3340 “
267 3305 505 3384 communitati,
544 3306 581 3370 in
619 3305 681 3371 hac
718 3312 814 3392 perte
851 3305 1006 3370 nolumus
1047 3303 1274 3390 praejudiciari,

224 3413 242 3443 “
265 3407 359 3473 vobis
381 3406 587 3486 mandamus,
612 3406 701 3493 quod
723 3407 904 3473 redditioni
922 3407 1050 3492 judicii,
1075 3427 1172 3492 super
1194 3427 1276 3493 prae-

225 3509 371 3576 “missis
401 3509 570 3589 reddendi,
605 3509 862 3595 supersedentes,
891 3509 1062 3575 recordum
1093 3513 1128 3574 61
1150 3529 1276 3594 prooes-

223 3618 242 3645 “
264 3631 338 3676 sum
359 3611 555 3697 placitorum
577 3609 810 3699 praedictorum
832 3612 976 3678 mittatis
999 3633 1107 3677 coram
1132 3610 1276 3676 Consilio

223 3720 242 3748 “
264 3717 378 3778 nostro
410 3711 498 3800 apud
521 3713 861 3792 westmonasterium,
896 3715 933 3778 in
966 3713 1133 3799 quindena
1163 3711 1277 3778 Sancti

224 3814 436 3880 “Michaelis
468 3813 621 3903 proximo
661 3814 784 3896 firtura,
826 3815 979 3902 partibus
1016 3813 1156 3880 eundem
1188 3813 1276 3879 diem

225 3923 243 3951 “
263 3917 482 4004 praeligsntes,
513 3917 603 4003 quod
630 3923 711 3982 1666
746 3917 814 3983 6161
847 3918 904 3994 111,
933 3917 1069 3983 facturae
1102 3921 1137 3982 61
1168 3937 1275 4002 recep

226 4024 244 4054 ‘⁴
267 4025 352 4085 1666
384 4019 473 4106 quod
504 4019 545 4084 de
568 4018 715 4086 Consilio
738 4024 853 4085 nostro
879 4025 961 4085 tunc
992 4019 1069 4084 inde
1099 4019 1277 4105 contigerit

223 4122 415 4188 “ordinari
462 4121 508 4186 Et
529 4121 680 4188 habeatis
694 4121 743 4187 ibi
758 4126 840 4187 1666
854 4122 917 4187 hoc
934 4121 1044 4187 breve.
1092 4119 1188 4186 Teste
1210 4141 1277 4185 me-

223 4230 243 4261 “
263 4224 344 4311 ipso,
385 4222 475 4310 apud
513 4222 855 4306 westmonasterium,
894 4223 932 4287 iii
970 4222 1025 4289 116
1058 4222 1152 4300 Julii,
1189 4242 1276 4288 anno

223 4334 241 4361 “
265 4325 367 4412 Regis
388 4347 476 4392 nunc
498 4325 615 4391 xiiii⁰.''

266 4425 469 4494 Ideo'datus
491 4433 542 4493 661
564 4428 611 4492 616
633 4427 704 4494 dies
726 4447 835 4493 eorem
851 4425 996 4493 Consilio
1015 4423 1152 4491 Domini
1167 4425 1275 4513 Regis,
1364 4429 1371 4446 '

222 4551 244 4594 a
265 4529 319 4595 die
349 4528 466 4596 Sancti
489 4529 660 4596 Michaelis
682 4529 719 4594 in
749 4551 796 4596 xv
819 4529 897 4608 dies,
922 4533 982 4594 etc
