3600 5822
439 885 503 954 266
788 897 1160 952 ammoneremus
1275 886 1333 974 [12
1348 899 1435 956 now.
1451 903 1488 956 m

436 1093 456 1124 “
480 1085 595 1174 ‘prius
628 1081 821 1172 presentari
854 1085 1092 1148 consueverant
1114 1084 1149 1146 et
1170 1079 1313 1146 admitti
1359 1080 1416 1148 Ita
1437 1070 1510 1148 ts!

436 1195 455 1226 “
478 1197 588 1268 ‘men,
605 1188 693 1276 quod
710 1187 747 1252 in
768 1184 921 1274 proximo
944 1183 1094 1250 adventu
1115 1187 1237 1262 nostro,
1251 1183 1305 1249 vel
1319 1183 1487 1268 baeredum

435 1299 455 1330 “
479 1297 698 1370 ‘nostrorum
722 1309 827 1375 nsque
846 1284 1177 1353 westmonasterium
1206 1285 1261 1352 vel
1291 1285 1487 1366 londonias,

436 1401 454 1430 ‘⁴
476 1401 484 1430 ‘
500 1394 608 1460 dietus
620 1391 728 1476 Major
738 1391 843 1470 nobis,
853 1393 914 1454 eut
921 1387 1109 1454 haeredibus
1117 1388 1240 1453 nostris
1251 1389 1487 1475 praedietis,re·

436 1505 454 1534 ‘⁶
479 1503 487 1532 ‘
501 1499 726 1584 presentetur,
738 1498 772 1558 et
787 1493 823 1557 in
841 1490 1001 1577 quorem
1017 1489 1222 1556 admittatur.
1263 1489 1489 1558 Ooneessimus

437 1607 454 1634 “
478 1607 487 1633 ‘
501 1600 611 1678 etiam,
635 1617 695 1684 pro
709 1594 805 1660 nobis
821 1599 855 1660 et
876 1592 1063 1661 haeredibus
1077 1591 1208 1688 nostris,
1224 1592 1352 1660 eivibus
1366 1595 1489 1660 nostris

437 1707 455 1738 “
479 1698 676 1788 ‘praedicti-⁴1,
694 1697 783 1784 quod
799 1696 871 1784 ipsi,
890 1699 1054 1761 eteorum
1068 1715 1275 1774 sueoessores,
1298 1695 1387 1762 uiues
1401 1696 1488 1783 ejus·

397 1807 401 1816 '
436 1811 454 1840 “
479 1803 578 1869 ‘dem
600 1801 757 1880 civitatis,
779 1799 817 1864 in
840 1802 1038 1886 perpetuum
1052 1797 1122 1862 sint
1147 1797 1253 1883 quieti
1277 1798 1489 1887 dePavagio,

435 1911 454 1940 “
478 1903 672 1990 ‘Pontagiq
690 1907 725 1968 et
741 1899 903 1989 angio,
924 1921 983 1987 per
997 1904 1107 1965 tetum
1122 1919 1261 1986 regnum
1282 1905 1434 1967 nostrum
1453 1905 1490 1968 et

437 2014 455 2042 “
480 2011 609 2073 ‘totam
632 2010 755 2072 terrem
771 2010 806 2069 et
824 2005 1022 2090 potestatem
1040 2005 1210 2080 nostrem3
1235 2007 1269 2068 et
1289 2003 1378 2088 quod
1393 2003 1489 2069 Vise·

436 2116 454 2145 “
478 2108 638 2175 ‘eomites
653 2105 803 2195 ejusdem
818 2104 977 2184 civitatis,
994 2103 1287 2190 quotienscumque
1312 2104 1489 2192 eontigerit

435 2217 454 2248 ‘⁴
478 2212 589 2298 ‘ipsos
615 2230 677 2298 pro
701 2208 822 2274 delioto
837 2207 948 2293 aliquo
975 2206 1012 2270 in
1035 2205 1137 2272 Cirris
1166 2209 1281 2272 nostre
1309 2207 1488 2289 emersisti,

433 2318 453 2350 “
477 2312 597 2398 ‘juxta
619 2311 754 2378 modum
787 2312 822 2374 et
855 2307 1082 2395 quantitatem
1114 2307 1228 2374 delicti
1259 2310 1489 2390 emeroientnr,

436 2422 454 2451 “
478 2423 486 2452 ‘
502 2416 590 2481 siout
612 2414 722 2480 oaeteri
739 2411 956 2478 Vioeeomitee
971 2409 1013 2476 de
1027 2429 1131 2497 regno
1156 2415 1271 2476 nostro
1284 2432 1344 2497 pro
1360 2411 1489 2478 delictis

290 2523 316 2568 Ρ·
323 2526 397 2569 19η
436 2525 454 2552 “
478 2528 486 2555 ‘
501 2511 726 2583 consimilibus
741 2512 970 2580 emereientur.
1003 2512 1114 2593 Quare
1123 2512 1285 2592 volumus,
1298 2519 1334 2578 et
1348 2513 1489 2581 firmiter

435 2625 455 2656 “
479 2617 719 2705 ‘praecipimus
752 2637 812 2703 pro
841 2614 936 2681 nobis
958 2620 993 2681 et
1023 2613 1210 2681 haeredibus
1239 2615 1369 2694 nostris,
1401 2617 1488 2702 quod

435 2727 454 2757 “
479 2720 651 2808 ‘praedicti
677 2718 776 2797 cives,
798 2723 833 2784 et
855 2739 1053 2784 suceessores
1079 2717 1131 2782 sui
1157 2717 1316 2803 praedicti,
1342 2717 1488 2785 habeant

436 2831 454 2860 ‘¹
479 2831 486 2857 ‘
502 2842 614 2887 omnes
629 2819 808 2896 libertates,
820 2818 1035 2904 quietandas,
1051 2823 1087 2885 et
1101 2819 1221 2884 liberas
1234 2822 1489 2888 eonsuetudines

436 2932 454 2961 “
478 2921 688 3011 ‘praediatus
708 2923 743 2986 et
766 2921 813 2986 eis
833 2925 975 2986 utantur
993 2921 1095 3008 juxta
1115 2929 1245 2988 nostras
1267 2923 1489 2989 confirmatio-

435 3033 455 3062 “
478 3034 485 3060 ‘
501 3047 578 3090 nem
588 3029 624 3091 et
638 3023 859 3090 eoncessiones
870 3024 1090 3109 praedietaain
1104 3029 1309 3110 perpetuum.
1330 3025 1412 3091 Hiis
1422 3031 1487 3093 tes·

435 3135 454 3164 “
478 3128 599 3204 ‘tibus
621 3125 867 3192 venerabilibus
890 3126 1050 3212 patribus,
1068 3125 1240 3213 R[ieerdo]
1257 3126 1486 3206 Londoniensi,

435 3239 453 3267 “
477 3229 679 3317 ‘W[altero]
697 3227 927 3294 coventriensi
957 3233 993 3294 et
1016 3227 1263 3306 Liehefeldensi,
1297 3228 1488 3316 Episcopis5

432 3339 452 3369 “
475 3332 648 3397 ‘'Roberto
663 3330 732 3396 filio
748 3328 897 3409 Walteri,
913 3328 1090 3416 H[ugone]
1107 3329 1148 3394 de
1157 3329 1233 3410 Ver,
1245 3330 1268 3395 J
1270 3330 1399 3397 ohanne
1409 3331 1488 3398 Tre·

434 3442 452 3471 “
478 3443 573 3522 ‘gon
599 3432 731 3520 Rogero
748 3431 781 3496 le
801 3430 1012 3512 Brabezoun,
1031 3431 1179 3498 Waltero
1194 3432 1235 3498 de
1250 3431 1343 3498 Bello
1353 3432 1487 3520 Campo,

302 3605 306 3612 ,
434 3544 453 3572 “
477 3535 692 3602 ‘Seneseellis
717 3534 855 3620 hospitii
879 3533 1007 3612 nostri;
1029 3533 1184 3600 Johenne
1211 3533 1252 3599 de
1269 3534 1487 3623 Metingham,

433 3644 452 3674 “
476 3647 483 3673 ‘
498 3638 522 3704 J
524 3638 653 3704 ohanne
668 3635 711 3702 de
726 3635 903 3716 Oobeham,
914 3635 1094 3701 Eustochio
1112 3635 1153 3702 de
1165 3636 1307 3716 Hecube,
1321 3635 1487 3704 Willelmo

434 3745 451 3776 ‘⁶
475 3739 530 3805 ‘le
550 3739 675 3817 Broun,
702 3736 802 3804 Petro
826 3738 867 3804 de
892 3736 1142 3824 Thedyngtone,
1166 3742 1203 3803 et
1232 3737 1314 3804 eliis
1360 3737 1487 3804 Datum

433 3847 452 3877 “
476 3850 559 3929 ‘per
588 3861 726 3904 manum
751 3843 908 3916 nostram,
925 3839 1014 3925 apud
1033 3839 1377 3920 westmonasterium,
1401 3843 1488 3906 xvii⁰

434 3952 452 3980 “
475 3944 552 4009 ‘die
578 3941 713 4028 Aprilis,
741 3963 829 4006 enno
852 3941 946 4027 regni
970 3941 1077 4007 nostri
1100 3941 1350 4007 xxvii⁰.'-Nos
1374 3947 1487 4009 autem

433 4053 452 4080 “
476 4044 678 4122 donationes,
700 4042 932 4122 eoncessiones,
953 4043 1229 4122 confirmationes,
1245 4047 1280 4109 et
1299 4043 1487 4111 innovatio-

434 4154 452 4183 “
474 4169 558 4228 nem,
574 4144 757 4233 praediotes,
774 4148 864 4210 retas
878 4143 1039 4210 habentes
1054 4149 1090 4210 et
1103 4149 1224 4231 grates,
1247 4167 1301 4210 ees
1316 4167 1376 4232 pro
1391 4149 1488 4213 nobis

434 4257 452 4285 “
475 4255 510 4316 et
524 4247 711 4314 haeredibus
730 4247 864 4328 nostris,
880 4251 1043 4333 quantum
1059 4247 1096 4311 in
1110 4246 1207 4312 nobis
1222 4251 1283 4328 est,
1299 4247 1429 4314 civibus
1444 4251 1488 4314 ei-

435 4361 451 4386 “
474 4352 592 4418 vitetis
611 4349 790 4438 praedictae,
805 4354 841 4416 et
855 4371 970 4415 eorum
984 4349 1173 4416 haeredibus
1187 4355 1223 4416 et
1237 4349 1485 4434 suceessoribus,

435 4455 603 4521 “civibus
632 4453 781 4519 civitatis
810 4451 909 4530 illius,
940 4451 1148 4518 consedimus
1178 4458 1214 4518 et
1243 4451 1485 4536 eonfirmamus,

434 4563 453 4592 “
474 4556 560 4623 sieut
573 4555 736 4644 praedicte
751 4554 878 4622 Charta
893 4553 973 4620 dieti
989 4555 1095 4641 patris
1120 4554 1226 4619 nostri
1241 4555 1487 4623 rationabiliter

433 4669 452 4695 “
474 4663 622 4725 testatur.
680 4657 852 4734 Praeterea,
869 4657 1020 4723 volentes
1044 4657 1166 4722 eisdem
1189 4657 1319 4723 civibus
1341 4661 1484 4744 gretiam

436 4769 453 4793 “
475 4759 580 4829 iecere
603 4761 796 4846 ampliorem
812 4782 872 4847 pro
887 4759 1079 4826 remissione
1095 4765 1130 4825 et
1145 4761 1386 4846 perdonatione
1402 4783 1485 4847 ques
