<?xml version="1.0" encoding="UTF-8"?>
<!DOCTYPE html PUBLIC "-//W3C//DTD XHTML 1.0 Transitional//EN"
    "http://www.w3.org/TR/xhtml1/DTD/xhtml1-transitional.dtd">
<html xmlns="http://www.w3.org/1999/xhtml" xml:lang="en" lang="en">
 <head>
  <title>
</title>
<meta http-equiv="Content-Type" content="text/html;charset=utf-8" />
  <meta name='ocr-system' content='tesseract 3.04.00' />
  <meta name='ocr-capabilities' content='ocr_page ocr_carea ocr_par ocr_line ocrx_word'/>
</head>
<body>
  <div class='ocr_page' id='page_1' title='image "./munimentagildha05librgoog_0482.png"; bbox 0 0 3600 5822; ppageno 0'>
   <div class='ocr_carea' id='block_1_1' title="bbox 490 939 1553 1028">
    <p class='ocr_par' dir='ltr' id='par_1_1' title="bbox 490 939 1553 1028">
     <span class='ocr_line' id='line_1_1' title="bbox 490 939 1553 1028; baseline 0.001 -19"><span class='ocrx_word' id='word_1_1' title='bbox 490 943 555 1010; x_wconf 79' lang='lat'><strong>³22</strong></span> <span class='ocrx_word' id='word_1_2' title='bbox 834 955 938 1006; x_wconf 76' lang='lat' dir='ltr'><strong>cmm</strong></span> <span class='ocrx_word' id='word_1_3' title='bbox 959 951 1204 1008; x_wconf 74' lang='lat' dir='ltr'><strong>ereremum</strong></span> <span class='ocrx_word' id='word_1_4' title='bbox 1333 939 1394 1028; x_wconf 81' lang='lat' dir='ltr'><strong>[lt</strong></span> <span class='ocrx_word' id='word_1_5' title='bbox 1411 955 1495 1010; x_wconf 78' lang='lat' dir='ltr'><strong>nnw.</strong></span> <span class='ocrx_word' id='word_1_6' title='bbox 1513 957 1553 1012; x_wconf 89' lang='lat'><strong>11.</strong></span> 
     </span>
    </p>
   </div>
   <div class='ocr_carea' id='block_1_2' title="bbox 355 1141 1554 2871">
    <p class='ocr_par' dir='ltr' id='par_1_2' title="bbox 490 1141 1554 2366">
     <span class='ocr_line' id='line_1_2' title="bbox 491 1141 1550 1232; baseline -0.002 -20"><span class='ocrx_word' id='word_1_7' title='bbox 491 1149 527 1212; x_wconf 90' lang='lat' dir='ltr'><strong>et</strong></span> <span class='ocrx_word' id='word_1_8' title='bbox 548 1143 635 1210; x_wconf 86' lang='lat' dir='ltr'><strong>xviii</strong></span> <span class='ocrx_word' id='word_1_9' title='bbox 666 1162 708 1210; x_wconf 84' lang='lat' dir='ltr'><strong>ex</strong></span> <span class='ocrx_word' id='word_1_10' title='bbox 738 1141 853 1211; x_wconf 83' lang='lat' dir='ltr'><strong>altera.</strong></span> <span class='ocrx_word' id='word_1_11' title='bbox 902 1143 949 1210; x_wconf 89' lang='lat' dir='ltr'><strong>Et</strong></span> <span class='ocrx_word' id='word_1_12' title='bbox 983 1143 1012 1208; x_wconf 88' lang='lat' dir='ltr'><strong>si</strong></span> <span class='ocrx_word' id='word_1_13' title='bbox 1041 1143 1222 1232; x_wconf 87' lang='lat' dir='ltr'><strong>periculum</strong></span> <span class='ocrx_word' id='word_1_14' title='bbox 1252 1143 1477 1210; x_wconf 88' lang='lat' dir='ltr'><strong>membrorum</strong></span> <span class='ocrx_word' id='word_1_15' title='bbox 1497 1143 1550 1210; x_wconf 91' lang='lat' dir='ltr'><strong>in·</strong></span> 
     </span>
     <span class='ocr_line' id='line_1_3' title="bbox 491 1245 1552 1324; baseline -0.001 -10"><span class='ocrx_word' id='word_1_16' title='bbox 491 1267 620 1314; x_wconf 86' lang='lat' dir='ltr'><strong>currere</strong></span> <span class='ocrx_word' id='word_1_17' title='bbox 653 1246 783 1324; x_wconf 74' lang='lat' dir='ltr'><strong>debeat,</strong></span> <span class='ocrx_word' id='word_1_18' title='bbox 808 1250 843 1312; x_wconf 89' lang='lat' dir='ltr'><strong>et</strong></span> <span class='ocrx_word' id='word_1_19' title='bbox 874 1246 952 1312; x_wconf 90' lang='lat' dir='ltr'><strong>inde</strong></span> <span class='ocrx_word' id='word_1_20' title='bbox 982 1247 1019 1312; x_wconf 90' lang='lat' dir='ltr'><strong>in</strong></span> <span class='ocrx_word' id='word_1_21' title='bbox 1050 1245 1177 1314; x_wconf 78' lang='lat' dir='ltr'><strong>Itinere</strong></span> <span class='ocrx_word' id='word_1_22' title='bbox 1206 1246 1476 1314; x_wconf 75' lang='lat' dir='ltr'><strong>iusticieriorum</strong></span> <span class='ocrx_word' id='word_1_23' title='bbox 1505 1247 1552 1313; x_wconf 88' lang='lat' dir='ltr'><strong>sit</strong></span> 
     </span>
     <span class='ocr_line' id='line_1_4' title="bbox 491 1349 1552 1437; baseline -0.002 -21"><span class='ocrx_word' id='word_1_24' title='bbox 491 1351 536 1416; x_wconf 87' lang='lat' dir='ltr'><strong>ad</strong></span> <span class='ocrx_word' id='word_1_25' title='bbox 561 1349 724 1418; x_wconf 86' lang='lat' dir='ltr'><strong>rationem</strong></span> <span class='ocrx_word' id='word_1_26' title='bbox 748 1349 884 1436; x_wconf 85' lang='lat' dir='ltr'><strong>positus,</strong></span> <span class='ocrx_word' id='word_1_27' title='bbox 909 1353 1019 1436; x_wconf 86' lang='lat' dir='ltr'><strong>potest</strong></span> <span class='ocrx_word' id='word_1_28' title='bbox 1041 1369 1076 1415; x_wconf 91' lang='lat' dir='ltr'><strong>se</strong></span> <span class='ocrx_word' id='word_1_29' title='bbox 1103 1349 1299 1436; x_wconf 69' lang='lat' dir='ltr'><strong>acquietare,</strong></span> <span class='ocrx_word' id='word_1_30' title='bbox 1324 1351 1354 1416; x_wconf 85' lang='lat' dir='ltr'><strong>si</strong></span> <span class='ocrx_word' id='word_1_31' title='bbox 1375 1350 1468 1431; x_wconf 84' lang='lat' dir='ltr'><strong>velit,</strong></span> <span class='ocrx_word' id='word_1_32' title='bbox 1492 1371 1552 1437; x_wconf 90' lang='lat' dir='ltr'><strong>per</strong></span> 
     </span>
     <span class='ocr_line' id='line_1_5' title="bbox 490 1451 1552 1540; baseline 0 -21"><span class='ocrx_word' id='word_1_33' title='bbox 490 1453 659 1540; x_wconf 87' lang='lat' dir='ltr'><strong>quandem</strong></span> <span class='ocrx_word' id='word_1_34' title='bbox 695 1453 802 1540; x_wconf 92' lang='lat' dir='ltr'><strong>legem</strong></span> <span class='ocrx_word' id='word_1_35' title='bbox 839 1451 988 1518; x_wconf 76' lang='lat' dir='ltr'><strong>civitatis</strong></span> <span class='ocrx_word' id='word_1_36' title='bbox 1024 1473 1100 1538; x_wconf 83' lang='lat' dir='ltr'><strong>quae</strong></span> <span class='ocrx_word' id='word_1_37' title='bbox 1123 1458 1263 1518; x_wconf 84' lang='lat' dir='ltr'><strong>vocatur</strong></span> <span class='ocrx_word' id='word_1_38' title='bbox 1288 1453 1423 1520; x_wconf 82' lang='lat' dir='ltr'><strong>‘Media</strong></span> <span class='ocrx_word' id='word_1_39' title='bbox 1460 1451 1552 1533; x_wconf 55' lang='lat' dir='ltr'><strong>lex:</strong></span> 
     </span>
     <span class='ocr_line' id='line_1_6' title="bbox 491 1553 1552 1643; baseline -0.002 -20"><span class='ocrx_word' id='word_1_40' title='bbox 491 1555 654 1635; x_wconf 80' lang='lat' dir='ltr'><strong>videlicet,</strong></span> <span class='ocrx_word' id='word_1_41' title='bbox 685 1576 744 1642; x_wconf 85' lang='lat' dir='ltr'><strong>per</strong></span> <span class='ocrx_word' id='word_1_42' title='bbox 771 1553 859 1626; x_wconf 81' lang='lat' dir='ltr'><strong>xviii</strong></span> <span class='ocrx_word' id='word_1_43' title='bbox 892 1553 1015 1641; x_wconf 79' lang='lat' dir='ltr'><strong>legales</strong></span> <span class='ocrx_word' id='word_1_44' title='bbox 1046 1553 1195 1620; x_wconf 89' lang='lat' dir='ltr'><strong>homines</strong></span> <span class='ocrx_word' id='word_1_45' title='bbox 1219 1575 1263 1621; x_wconf 85' lang='lat' dir='ltr'><strong>ex</strong></span> <span class='ocrx_word' id='word_1_46' title='bbox 1285 1559 1428 1642; x_wconf 82' lang='lat' dir='ltr'><strong>utreque</strong></span> <span class='ocrx_word' id='word_1_47' title='bbox 1454 1559 1552 1643; x_wconf 83' lang='lat' dir='ltr'><strong>perte</strong></span> 
     </span>
     <span class='ocr_line' id='line_1_7' title="bbox 491 1655 1552 1746; baseline 0 -22"><span class='ocrx_word' id='word_1_48' title='bbox 491 1658 594 1725; x_wconf 88' lang='lat' dir='ltr'><strong>rivuli</strong></span> <span class='ocrx_word' id='word_1_49' title='bbox 635 1657 796 1744; x_wconf 82' lang='lat' dir='ltr'><strong>proedicti,</strong></span> <span class='ocrx_word' id='word_1_50' title='bbox 833 1657 871 1722; x_wconf 92' lang='lat' dir='ltr'><strong>in</strong></span> <span class='ocrx_word' id='word_1_51' title='bbox 910 1655 1017 1722; x_wconf 77' lang='lat' dir='ltr'><strong>forma</strong></span> <span class='ocrx_word' id='word_1_52' title='bbox 1054 1655 1225 1744; x_wconf 80' lang='lat' dir='ltr'><strong>prredicte,</strong></span> <span class='ocrx_word' id='word_1_53' title='bbox 1264 1657 1443 1746; x_wconf 79' lang='lat' dir='ltr'><strong>eligendos</strong></span> <span class='ocrx_word' id='word_1_54' title='bbox 1504 1657 1552 1725; x_wconf 88' lang='lat' dir='ltr'><strong>Et</strong></span> 
     </span>
     <span class='ocr_line' id='line_1_8' title="bbox 493 1759 1551 1849; baseline 0 -21"><span class='ocrx_word' id='word_1_55' title='bbox 493 1762 583 1840; x_wconf 88' lang='lat' dir='ltr'><strong>dicit,</strong></span> <span class='ocrx_word' id='word_1_56' title='bbox 607 1761 696 1846; x_wconf 90' lang='lat' dir='ltr'><strong>quod</strong></span> <span class='ocrx_word' id='word_1_57' title='bbox 718 1759 877 1848; x_wconf 77' lang='lat' dir='ltr'><strong>praedicte</strong></span> <span class='ocrx_word' id='word_1_58' title='bbox 892 1760 1103 1840; x_wconf 86' lang='lat' dir='ltr'><strong>consuetudo,</strong></span> <span class='ocrx_word' id='word_1_59' title='bbox 1120 1760 1229 1846; x_wconf 85' lang='lat' dir='ltr'><strong>quoad</strong></span> <span class='ocrx_word' id='word_1_60' title='bbox 1246 1760 1404 1848; x_wconf 81' lang='lat' dir='ltr'><strong>Magnam</strong></span> <span class='ocrx_word' id='word_1_61' title='bbox 1419 1759 1551 1849; x_wconf 82' lang='lat' dir='ltr'>Legem,</span> 
     </span>
     <span class='ocr_line' id='line_1_9' title="bbox 494 1861 1552 1942; baseline -0.003 -10"><span class='ocrx_word' id='word_1_62' title='bbox 494 1869 564 1942; x_wconf 86' lang='lat' dir='ltr'><strong>eto,</strong></span> <span class='ocrx_word' id='word_1_63' title='bbox 587 1864 669 1930; x_wconf 79' lang='lat' dir='ltr'><strong>elice</strong></span> <span class='ocrx_word' id='word_1_64' title='bbox 695 1884 803 1930; x_wconf 75' lang='lat' dir='ltr'><strong>coram</strong></span> <span class='ocrx_word' id='word_1_65' title='bbox 835 1862 1040 1930; x_wconf 84' lang='lat' dir='ltr'><strong>Justiciariis</strong></span> <span class='ocrx_word' id='word_1_66' title='bbox 1074 1861 1128 1928; x_wconf 90' lang='lat' dir='ltr'><strong>hic</strong></span> <span class='ocrx_word' id='word_1_67' title='bbox 1150 1863 1386 1930; x_wconf 70' lang='lat' dir='ltr'><strong>itinerantibus</strong></span> <span class='ocrx_word' id='word_1_68' title='bbox 1415 1864 1481 1930; x_wconf 89' lang='lat' dir='ltr'><strong>fuit</strong></span> <span class='ocrx_word' id='word_1_69' title='bbox 1503 1865 1552 1930; x_wconf 89' lang='lat' dir='ltr'><strong>eis</strong></span> 
     </span>
     <span class='ocr_line' id='line_1_10' title="bbox 494 1965 1552 2054; baseline 0.001 -22"><span class='ocrx_word' id='word_1_70' title='bbox 494 1967 641 2034; x_wconf 79' lang='lat' dir='ltr'><strong>allocuta</strong></span> <span class='ocrx_word' id='word_1_71' title='bbox 699 1966 745 2032; x_wconf 89' lang='lat' dir='ltr'><strong>Et</strong></span> <span class='ocrx_word' id='word_1_72' title='bbox 779 1965 889 2054; x_wconf 81' lang='lat' dir='ltr'><strong>quood</strong></span> <span class='ocrx_word' id='word_1_73' title='bbox 920 1965 1195 2034; x_wconf 74' lang='lat' dir='ltr'><strong>consuetudinem</strong></span> <span class='ocrx_word' id='word_1_74' title='bbox 1231 1965 1292 2032; x_wconf 84' lang='lat' dir='ltr'><strong>¹de</strong></span> <span class='ocrx_word' id='word_1_75' title='bbox 1315 1965 1440 2054; x_wconf 79' lang='lat' dir='ltr'><strong>Magne</strong></span> <span class='ocrx_word' id='word_1_76' title='bbox 1464 1967 1552 2054; x_wconf 82' lang='lat' dir='ltr'><strong>Lege</strong></span> 
     </span>
     <span class='ocr_line' id='line_1_11' title="bbox 494 2067 1553 2159; baseline -0.004 -21"><span class='ocrx_word' id='word_1_77' title='bbox 494 2069 661 2159; x_wconf 80' lang='lat' dir='ltr'><strong>praedicta,</strong></span> <span class='ocrx_word' id='word_1_78' title='bbox 686 2067 768 2136; x_wconf 88' lang='lat' dir='ltr'><strong>dicit</strong></span> <span class='ocrx_word' id='word_1_79' title='bbox 802 2067 891 2155; x_wconf 92' lang='lat' dir='ltr'><strong>quod</strong></span> <span class='ocrx_word' id='word_1_80' title='bbox 921 2068 1003 2135; x_wconf 79' lang='lat' dir='ltr'><strong>elios</strong></span> <span class='ocrx_word' id='word_1_81' title='bbox 1035 2091 1145 2136; x_wconf 86' lang='lat' dir='ltr'><strong>coram</strong></span> <span class='ocrx_word' id='word_1_82' title='bbox 1175 2067 1376 2136; x_wconf 81' lang='lat' dir='ltr'><strong>dusticiariis</strong></span> <span class='ocrx_word' id='word_1_83' title='bbox 1407 2070 1462 2136; x_wconf 91' lang='lat' dir='ltr'><strong>hic</strong></span> <span class='ocrx_word' id='word_1_84' title='bbox 1494 2069 1553 2134; x_wconf 92' lang='lat' dir='ltr'><strong>iti-</strong></span> 
     </span>
     <span class='ocr_line' id='line_1_12' title="bbox 494 2171 1553 2260; baseline -0.003 -19"><span class='ocrx_word' id='word_1_85' title='bbox 494 2173 699 2254; x_wconf 87' lang='lat' dir='ltr'><strong>nerantibus,</strong></span> <span class='ocrx_word' id='word_1_86' title='bbox 723 2193 812 2238; x_wconf 87' lang='lat' dir='ltr'><strong>anno</strong></span> <span class='ocrx_word' id='word_1_87' title='bbox 828 2171 847 2210; x_wconf 77' lang='lat'><strong>¹*</strong></span> <span class='ocrx_word' id='word_1_88' title='bbox 862 2171 958 2259; x_wconf 87' lang='lat' dir='ltr'><strong>regni</strong></span> <span class='ocrx_word' id='word_1_89' title='bbox 973 2171 1074 2259; x_wconf 85' lang='lat' dir='ltr'><strong>Regis</strong></span> <span class='ocrx_word' id='word_1_90' title='bbox 1094 2171 1117 2240; x_wconf 90' lang='lat' dir='ltr'><strong>J</strong></span> <span class='ocrx_word' id='word_1_91' title='bbox 1118 2171 1267 2250; x_wconf 81' lang='lat' dir='ltr'><strong>ohannis,</strong></span> <span class='ocrx_word' id='word_1_92' title='bbox 1283 2173 1400 2260; x_wconf 86' lang='lat' dir='ltr'><strong>proavi</strong></span> <span class='ocrx_word' id='word_1_93' title='bbox 1415 2173 1553 2239; x_wconf 89' lang='lat' dir='ltr'><strong>Domini</strong></span> 
     </span>
     <span class='ocr_line' id='line_1_13' title="bbox 496 2274 1554 2366; baseline -0.002 -22"><span class='ocrx_word' id='word_1_94' title='bbox 496 2277 596 2366; x_wconf 84' lang='lat' dir='ltr'><strong>Regis</strong></span> <span class='ocrx_word' id='word_1_95' title='bbox 618 2299 715 2355; x_wconf 89' lang='lat' dir='ltr'><strong>nunc,</strong></span> <span class='ocrx_word' id='word_1_96' title='bbox 739 2275 805 2342; x_wconf 86' lang='lat' dir='ltr'><strong>fuit</strong></span> <span class='ocrx_word' id='word_1_97' title='bbox 834 2274 893 2340; x_wconf 84' lang='lat' dir='ltr'><strong>ille</strong></span> <span class='ocrx_word' id='word_1_98' title='bbox 922 2276 1125 2342; x_wconf 86' lang='lat' dir='ltr'><strong>consuetudo</strong></span> <span class='ocrx_word' id='word_1_99' title='bbox 1154 2297 1290 2362; x_wconf 87' lang='lat' dir='ltr'><strong>percos</strong></span> <span class='ocrx_word' id='word_1_100' title='bbox 1312 2276 1459 2342; x_wconf 73' lang='lat' dir='ltr'><strong>clamata</strong></span> <span class='ocrx_word' id='word_1_101' title='bbox 1505 2275 1554 2342; x_wconf 89' lang='lat' dir='ltr'><strong>Et</strong></span> 
     </span>
    </p>

    <p class='ocr_par' dir='ltr' id='par_1_3' title="bbox 355 2377 1554 2871">
     <span class='ocr_line' id='line_1_14' title="bbox 355 2377 1553 2467; baseline -0.003 -18"><span class='ocrx_word' id='word_1_102' title='bbox 355 2397 464 2450; x_wconf 62' lang='lat' dir='ltr'><strong>resse</strong></span> <span class='ocrx_word' id='word_1_103' title='bbox 496 2380 712 2448; x_wconf 84' lang='lat' dir='ltr'><strong>nihilominus</strong></span> <span class='ocrx_word' id='word_1_104' title='bbox 726 2379 850 2458; x_wconf 88' lang='lat' dir='ltr'><strong>dicunt,</strong></span> <span class='ocrx_word' id='word_1_105' title='bbox 867 2377 957 2465; x_wconf 92' lang='lat' dir='ltr'><strong>quod</strong></span> <span class='ocrx_word' id='word_1_106' title='bbox 979 2399 1075 2444; x_wconf 90' lang='lat' dir='ltr'><strong>omne</strong></span> <span class='ocrx_word' id='word_1_107' title='bbox 1092 2377 1190 2444; x_wconf 91' lang='lat' dir='ltr'><strong>liberi</strong></span> <span class='ocrx_word' id='word_1_108' title='bbox 1213 2379 1361 2445; x_wconf 88' lang='lat' dir='ltr'><strong>civitatis</strong></span> <span class='ocrx_word' id='word_1_109' title='bbox 1375 2379 1553 2467; x_wconf 80' lang='lat' dir='ltr'><strong>praedictoe,</strong></span> 
     </span>
     <span class='ocr_line' id='line_1_15' title="bbox 496 2481 1554 2570; baseline -0.002 -19"><span class='ocrx_word' id='word_1_110' title='bbox 496 2490 532 2551; x_wconf 88' lang='lat' dir='ltr'><strong>ct</strong></span> <span class='ocrx_word' id='word_1_111' title='bbox 568 2505 683 2550; x_wconf 89' lang='lat' dir='ltr'><strong>eorum</strong></span> <span class='ocrx_word' id='word_1_112' title='bbox 729 2486 949 2548; x_wconf 75' lang='lat' dir='ltr'><strong>antecessores</strong></span> <span class='ocrx_word' id='word_1_113' title='bbox 984 2485 1020 2547; x_wconf 91' lang='lat' dir='ltr'><strong>et</strong></span> <span class='ocrx_word' id='word_1_114' title='bbox 1064 2481 1323 2570; x_wconf 80' lang='lat' dir='ltr'><strong>praedeoeseores,</strong></span> <span class='ocrx_word' id='word_1_115' title='bbox 1354 2483 1391 2547; x_wconf 93' lang='lat' dir='ltr'><strong>in</strong></span> <span class='ocrx_word' id='word_1_116' title='bbox 1424 2481 1554 2549; x_wconf 77' lang='lat' dir='ltr'><strong>casibus</strong></span> 
     </span>
     <span class='ocr_line' id='line_1_16' title="bbox 497 2583 1554 2675; baseline -0.002 -21"><span class='ocrx_word' id='word_1_117' title='bbox 497 2587 676 2675; x_wconf 85' lang='lat' dir='ltr'><strong>praediotis,</strong></span> <span class='ocrx_word' id='word_1_118' title='bbox 714 2607 790 2652; x_wconf 89' lang='lat' dir='ltr'><strong>cum</strong></span> <span class='ocrx_word' id='word_1_119' title='bbox 837 2583 1040 2664; x_wconf 79' lang='lat' dir='ltr'><strong>accidissent,</strong></span> <span class='ocrx_word' id='word_1_120' title='bbox 1080 2605 1115 2650; x_wconf 90' lang='lat' dir='ltr'><strong>se</strong></span> <span class='ocrx_word' id='word_1_121' title='bbox 1161 2586 1322 2652; x_wconf 85' lang='lat' dir='ltr'><strong>hactenus</strong></span> <span class='ocrx_word' id='word_1_122' title='bbox 1367 2587 1403 2651; x_wconf 92' lang='lat' dir='ltr'><strong>in</strong></span> <span class='ocrx_word' id='word_1_123' title='bbox 1447 2586 1554 2652; x_wconf 81' lang='lat' dir='ltr'><strong>forma</strong></span> 
     </span>
     <span class='ocr_line' id='line_1_17' title="bbox 497 2686 1554 2778; baseline 0.002 -22"><span class='ocrx_word' id='word_1_124' title='bbox 497 2688 656 2776; x_wconf 74' lang='lat' dir='ltr'><strong>predicte</strong></span> <span class='ocrx_word' id='word_1_125' title='bbox 678 2686 895 2754; x_wconf 74' lang='lat' dir='ltr'><strong>disrationare</strong></span> <span class='ocrx_word' id='word_1_126' title='bbox 918 2693 1204 2770; x_wconf 74' lang='lat' dir='ltr'><strong>consueverunte,</strong></span> <span class='ocrx_word' id='word_1_127' title='bbox 1226 2691 1375 2778; x_wconf 84' lang='lat' dir='ltr'><strong>tempore</strong></span> <span class='ocrx_word' id='word_1_128' title='bbox 1397 2711 1462 2778; x_wconf 92' lang='lat' dir='ltr'><strong>quo</strong></span> <span class='ocrx_word' id='word_1_129' title='bbox 1484 2711 1554 2758; x_wconf 86' lang='lat' dir='ltr'><strong>non</strong></span> 
     </span>
     <span class='ocr_line' id='line_1_18' title="bbox 498 2789 1066 2871; baseline 0 -13"><span class='ocrx_word' id='word_1_130' title='bbox 498 2795 594 2858; x_wconf 79' lang='lat' dir='ltr'><strong>extat</strong></span> <span class='ocrx_word' id='word_1_131' title='bbox 608 2791 775 2871; x_wconf 88' lang='lat' dir='ltr'><strong>memoria,</strong></span> <span class='ocrx_word' id='word_1_132' title='bbox 797 2790 827 2858; x_wconf 91' lang='lat' dir='ltr'><strong>si</strong></span> <span class='ocrx_word' id='word_1_133' title='bbox 849 2789 982 2871; x_wconf 85' lang='lat' dir='ltr'><strong>vellent,</strong></span> <span class='ocrx_word' id='word_1_134' title='bbox 1007 2795 1066 2858; x_wconf 86' lang='lat' dir='ltr'><strong>etc</strong></span> 
     </span>
    </p>
   </div>
   <div class='ocr_carea' id='block_1_3' title="bbox 330 2992 1555 3100">
    <p class='ocr_par' dir='ltr' id='par_1_4' title="bbox 330 2992 1555 3100">
     <span class='ocr_line' id='line_1_19' title="bbox 330 2992 1555 3100; baseline 0.003 -42"><span class='ocrx_word' id='word_1_135' title='bbox 330 3003 475 3100; x_wconf 38' lang='lat' dir='ltr'><strong>griffi*</strong></span> <span class='ocrx_word' id='word_1_136' title='bbox 545 2992 774 3061; x_wconf 71' lang='lat' dir='ltr'><strong>communitas</strong></span> <span class='ocrx_word' id='word_1_137' title='bbox 814 2992 963 3060; x_wconf 86' lang='lat' dir='ltr'><strong>civitatis</strong></span> <span class='ocrx_word' id='word_1_138' title='bbox 1001 2993 1247 3062; x_wconf 85' lang='lat' dir='ltr'><strong>Londcnierum</strong></span> <span class='ocrx_word' id='word_1_139' title='bbox 1286 2995 1454 3062; x_wconf 80' lang='lat' dir='ltr'><strong>sumonite</strong></span> <span class='ocrx_word' id='word_1_140' title='bbox 1487 2994 1555 3062; x_wconf 79' lang='lat' dir='ltr'><strong>fuit</strong></span> 
     </span>
    </p>
   </div>
   <div class='ocr_carea' id='block_1_4' title="bbox 329 3068 1553 3202">
    <p class='ocr_par' dir='ltr' id='par_1_5' title="bbox 329 3068 1553 3202">
     <span class='ocr_line' id='line_1_20' title="bbox 329 3068 1553 3202; baseline 0.001 -38"><span class='ocrx_word' id='word_1_141' title='bbox 329 3068 422 3202; x_wconf 49' lang='lat' dir='ltr'><strong>iiii*</strong></span> <span class='ocrx_word' id='word_1_142' title='bbox 430 3109 480 3202; x_wconf 50' lang='lat' dir='ltr'><strong>‘gu</strong></span> <span class='ocrx_word' id='word_1_143' title='bbox 498 3098 542 3166; x_wconf 85' lang='lat' dir='ltr'><strong>ad</strong></span> <span class='ocrx_word' id='word_1_144' title='bbox 570 3097 836 3186; x_wconf 87' lang='lat' dir='ltr'><strong>respondendum</strong></span> <span class='ocrx_word' id='word_1_145' title='bbox 863 3097 1008 3164; x_wconf 89' lang='lat' dir='ltr'><strong>Domino</strong></span> <span class='ocrx_word' id='word_1_146' title='bbox 1036 3097 1121 3186; x_wconf 86' lang='lat' dir='ltr'><strong>Regi</strong></span> <span class='ocrx_word' id='word_1_147' title='bbox 1153 3097 1195 3164; x_wconf 89' lang='lat' dir='ltr'><strong>de</strong></span> <span class='ocrx_word' id='word_1_148' title='bbox 1226 3097 1348 3185; x_wconf 88' lang='lat' dir='ltr'><strong>placito</strong></span> <span class='ocrx_word' id='word_1_149' title='bbox 1379 3119 1444 3185; x_wconf 91' lang='lat' dir='ltr'><strong>qno</strong></span> <span class='ocrx_word' id='word_1_150' title='bbox 1466 3119 1553 3164; x_wconf 83' lang='lat' dir='ltr'><strong>war-</strong></span> 
     </span>
    </p>
   </div>
   <div class='ocr_carea' id='block_1_5' title="bbox 328 3170 1558 4621">
    <p class='ocr_par' dir='ltr' id='par_1_6' title="bbox 328 3170 1555 3610">
     <span class='ocr_line' id='line_1_21' title="bbox 329 3170 1555 3304; baseline -0.002 -33"><span class='ocrx_word' id='word_1_151' title='bbox 329 3170 467 3304; x_wconf 53' lang='lat' dir='ltr'><strong>gffifflr</strong></span> <span class='ocrx_word' id='word_1_152' title='bbox 498 3207 596 3270; x_wconf 85' lang='lat' dir='ltr'><strong>rante</strong></span> <span class='ocrx_word' id='word_1_153' title='bbox 635 3201 744 3269; x_wconf 83' lang='lat' dir='ltr'><strong>Ouriee</strong></span> <span class='ocrx_word' id='word_1_154' title='bbox 782 3201 883 3289; x_wconf 88' lang='lat' dir='ltr'><strong>Regis</strong></span> <span class='ocrx_word' id='word_1_155' title='bbox 921 3201 1067 3268; x_wconf 74' lang='lat' dir='ltr'><strong>civitatis</strong></span> <span class='ocrx_word' id='word_1_156' title='bbox 1105 3201 1270 3287; x_wconf 75' lang='lat' dir='ltr'><strong>praedictae</strong></span> <span class='ocrx_word' id='word_1_157' title='bbox 1307 3207 1465 3268; x_wconf 87' lang='lat' dir='ltr'><strong>tenentur</strong></span> <span class='ocrx_word' id='word_1_158' title='bbox 1494 3223 1555 3289; x_wconf 86' lang='lat' dir='ltr'><strong>per</strong></span> 
     </span>
     <span class='ocr_line' id='line_1_22' title="bbox 328 3263 1555 3396; baseline -0.002 -23"><span class='ocrx_word' id='word_1_159' title='bbox 328 3272 392 3396; x_wconf 51' lang='lat'><strong>1222,</strong></span> <span class='ocrx_word' id='word_1_160' title='bbox 400 3263 488 3396; x_wconf 44' lang='grc' dir='ltr'><strong>ἔξω,</strong></span> <span class='ocrx_word' id='word_1_161' title='bbox 498 3328 603 3372; x_wconf 91' lang='lat' dir='ltr'><strong>unum</strong></span> <span class='ocrx_word' id='word_1_162' title='bbox 633 3304 872 3373; x_wconf 78' lang='lat' dir='ltr'><strong>vicecomitum</strong></span> <span class='ocrx_word' id='word_1_163' title='bbox 903 3303 1052 3388; x_wconf 87' lang='lat' dir='ltr'><strong>ejusdem</strong></span> <span class='ocrx_word' id='word_1_164' title='bbox 1084 3303 1233 3370; x_wconf 82' lang='lat' dir='ltr'><strong>civitetis</strong></span> <span class='ocrx_word' id='word_1_165' title='bbox 1262 3303 1464 3386; x_wconf 72' lang='lat' dir='ltr'><strong>alternatim,</strong></span> <span class='ocrx_word' id='word_1_166' title='bbox 1494 3327 1555 3392; x_wconf 90' lang='lat' dir='ltr'><strong>per</strong></span> 
     </span>
     <span class='ocr_line' id='line_1_23' title="bbox 329 3403 1553 3489; baseline -0.004 -12"><span class='ocrx_word' id='word_1_167' title='bbox 329 3403 466 3456; x_wconf 55' lang='lat' dir='ltr'><strong>muli·</strong></span> <span class='ocrx_word' id='word_1_168' title='bbox 499 3431 541 3489; x_wconf 86' lang='lat' dir='ltr'><strong>se,</strong></span> <span class='ocrx_word' id='word_1_169' title='bbox 558 3411 628 3476; x_wconf 89' lang='lat' dir='ltr'><strong>eine</strong></span> <span class='ocrx_word' id='word_1_170' title='bbox 644 3407 879 3474; x_wconf 82' lang='lat' dir='ltr'><strong>Aldermannie</strong></span> <span class='ocrx_word' id='word_1_171' title='bbox 901 3427 960 3472; x_wconf 87' lang='lat' dir='ltr'><strong>seu</strong></span> <span class='ocrx_word' id='word_1_172' title='bbox 982 3406 1202 3473; x_wconf 77' lang='lat' dir='ltr'><strong>sectatoribus</strong></span> <span class='ocrx_word' id='word_1_173' title='bbox 1217 3429 1331 3474; x_wconf 86' lang='lat' dir='ltr'><strong>earum</strong></span> <span class='ocrx_word' id='word_1_174' title='bbox 1354 3405 1553 3488; x_wconf 80' lang='lat' dir='ltr'><strong>Curiorum3</strong></span> 
     </span>
     <span class='ocr_line' id='line_1_24' title="bbox 329 3509 1554 3610; baseline -0.003 -30"><span class='ocrx_word' id='word_1_175' title='bbox 329 3510 470 3610; x_wconf 52' lang='grc' dir='ltr'><strong>ξζῖξξω</strong></span> <span class='ocrx_word' id='word_1_176' title='bbox 500 3517 536 3580; x_wconf 87' lang='lat' dir='ltr'><strong>et</strong></span> <span class='ocrx_word' id='word_1_177' title='bbox 567 3510 680 3578; x_wconf 83' lang='lat' dir='ltr'><strong>omnio</strong></span> <span class='ocrx_word' id='word_1_178' title='bbox 711 3509 835 3598; x_wconf 88' lang='lat' dir='ltr'><strong>placita</strong></span> <span class='ocrx_word' id='word_1_179' title='bbox 868 3513 984 3575; x_wconf 85' lang='lat' dir='ltr'><strong>tenent</strong></span> <span class='ocrx_word' id='word_1_180' title='bbox 1012 3509 1049 3575; x_wconf 93' lang='lat' dir='ltr'><strong>in</strong></span> <span class='ocrx_word' id='word_1_181' title='bbox 1087 3509 1215 3576; x_wconf 86' lang='lat' dir='ltr'><strong>eisdem</strong></span> <span class='ocrx_word' id='word_1_182' title='bbox 1262 3509 1308 3576; x_wconf 86' lang='lat' dir='ltr'><strong>Et</strong></span> <span class='ocrx_word' id='word_1_183' title='bbox 1345 3511 1454 3588; x_wconf 84' lang='lat' dir='ltr'><strong>etism,</strong></span> <span class='ocrx_word' id='word_1_184' title='bbox 1486 3531 1554 3596; x_wconf 89' lang='lat' dir='ltr'><strong>quo</strong></span> 
     </span>
    </p>

    <p class='ocr_par' dir='ltr' id='par_1_7' title="bbox 500 3611 1554 3699">
     <span class='ocr_line' id='line_1_25' title="bbox 500 3611 1554 3699; baseline -0.003 -16"><span class='ocrx_word' id='word_1_185' title='bbox 500 3618 667 3682; x_wconf 85' lang='lat' dir='ltr'><strong>warranto</strong></span> <span class='ocrx_word' id='word_1_186' title='bbox 707 3613 821 3699; x_wconf 83' lang='lat' dir='ltr'><strong>Mejor,</strong></span> <span class='ocrx_word' id='word_1_187' title='bbox 846 3611 1074 3692; x_wconf 84' lang='lat' dir='ltr'><strong>Aldermanni,</strong></span> <span class='ocrx_word' id='word_1_188' title='bbox 1100 3615 1134 3679; x_wconf 89' lang='lat' dir='ltr'><strong>et</strong></span> <span class='ocrx_word' id='word_1_189' title='bbox 1156 3613 1381 3694; x_wconf 74' lang='lat' dir='ltr'><strong>vicecomites,</strong></span> <span class='ocrx_word' id='word_1_190' title='bbox 1403 3614 1440 3679; x_wconf 90' lang='lat' dir='ltr'><strong>in</strong></span> <span class='ocrx_word' id='word_1_191' title='bbox 1463 3613 1554 3680; x_wconf 88' lang='lat' dir='ltr'><strong>Hus-</strong></span> 
     </span>
    </p>

    <p class='ocr_par' dir='ltr' id='par_1_8' title="bbox 498 3713 1554 3807">
     <span class='ocr_line' id='line_1_26' title="bbox 498 3713 1554 3807; baseline -0.005 -21"><span class='ocrx_word' id='word_1_192' title='bbox 498 3724 599 3807; x_wconf 89' lang='lat' dir='ltr'><strong>tengo</strong></span> <span class='ocrx_word' id='word_1_193' title='bbox 629 3716 775 3784; x_wconf 80' lang='lat' dir='ltr'><strong>civitatis</strong></span> <span class='ocrx_word' id='word_1_194' title='bbox 812 3715 988 3804; x_wconf 80' lang='lat' dir='ltr'><strong>praedictae,</strong></span> <span class='ocrx_word' id='word_1_195' title='bbox 1013 3713 1183 3803; x_wconf 89' lang='lat' dir='ltr'><strong>corrigunt</strong></span> <span class='ocrx_word' id='word_1_196' title='bbox 1211 3715 1339 3803; x_wconf 88' lang='lat' dir='ltr'><strong>judicia</strong></span> <span class='ocrx_word' id='word_1_197' title='bbox 1369 3717 1405 3780; x_wconf 93' lang='lat' dir='ltr'><strong>in</strong></span> <span class='ocrx_word' id='word_1_198' title='bbox 1443 3715 1554 3782; x_wconf 83' lang='lat' dir='ltr'><strong>Curiis</strong></span> 
     </span>
    </p>

    <p class='ocr_par' dir='ltr' id='par_1_9' title="bbox 330 3817 1558 4621">
     <span class='ocr_line' id='line_1_27' title="bbox 499 3817 1555 3909; baseline -0.007 -19"><span class='ocrx_word' id='word_1_199' title='bbox 499 3821 611 3909; x_wconf 89' lang='lat' dir='ltr'><strong>Regis,</strong></span> <span class='ocrx_word' id='word_1_200' title='bbox 636 3841 747 3886; x_wconf 90' lang='lat' dir='ltr'><strong>coram</strong></span> <span class='ocrx_word' id='word_1_201' title='bbox 771 3817 1029 3884; x_wconf 72' lang='lat' dir='ltr'><strong>vicecomitibus</strong></span> <span class='ocrx_word' id='word_1_202' title='bbox 1051 3817 1198 3884; x_wconf 75' lang='lat' dir='ltr'><strong>civitatis</strong></span> <span class='ocrx_word' id='word_1_203' title='bbox 1220 3818 1398 3906; x_wconf 82' lang='lat' dir='ltr'><strong>praedictae,</strong></span> <span class='ocrx_word' id='word_1_204' title='bbox 1422 3819 1555 3884; x_wconf 85' lang='lat' dir='ltr'><strong>reddite</strong></span> 
     </span>
     <span class='ocr_line' id='line_1_28' title="bbox 330 3921 1556 4034; baseline 0.005 -52"><span class='ocrx_word' id='word_1_205' title='bbox 330 3936 454 4034; x_wconf 48' lang='lat' dir='ltr'><strong>giorgius</strong></span> <span class='ocrx_word' id='word_1_206' title='bbox 500 3925 541 3993; x_wconf 88' lang='lat' dir='ltr'><strong>de</strong></span> <span class='ocrx_word' id='word_1_207' title='bbox 564 3923 695 4012; x_wconf 78' lang='lat' dir='ltr'><strong>placitis</strong></span> <span class='ocrx_word' id='word_1_208' title='bbox 718 3943 829 3989; x_wconf 89' lang='lat' dir='ltr'><strong>coram</strong></span> <span class='ocrx_word' id='word_1_209' title='bbox 860 3921 940 4009; x_wconf 88' lang='lat' dir='ltr'><strong>ipsis</strong></span> <span class='ocrx_word' id='word_1_210' title='bbox 974 3921 1119 4008; x_wconf 83' lang='lat' dir='ltr'><strong>agitatis</strong></span> <span class='ocrx_word' id='word_1_211' title='bbox 1166 3921 1212 3987; x_wconf 80' lang='lat' dir='ltr'><strong>Et</strong></span> <span class='ocrx_word' id='word_1_212' title='bbox 1247 3922 1359 4000; x_wconf 87' lang='lat' dir='ltr'><strong>etiam,</strong></span> <span class='ocrx_word' id='word_1_213' title='bbox 1382 3942 1448 4007; x_wconf 92' lang='lat' dir='ltr'><strong>quo</strong></span> <span class='ocrx_word' id='word_1_214' title='bbox 1470 3944 1556 3988; x_wconf 84' lang='lat' dir='ltr'><strong>war-</strong></span> 
     </span>
     <span class='ocr_line' id='line_1_29' title="bbox 500 4022 1555 4106; baseline -0.005 -10"><span class='ocrx_word' id='word_1_215' title='bbox 500 4033 598 4096; x_wconf 87' lang='lat' dir='ltr'><strong>ranto</strong></span> <span class='ocrx_word' id='word_1_216' title='bbox 635 4031 733 4093; x_wconf 85' lang='lat' dir='ltr'><strong>extra</strong></span> <span class='ocrx_word' id='word_1_217' title='bbox 771 4024 916 4106; x_wconf 77' lang='lat' dir='ltr'><strong>(iuriam,</strong></span> <span class='ocrx_word' id='word_1_218' title='bbox 954 4023 992 4089; x_wconf 91' lang='lat' dir='ltr'><strong>in</strong></span> <span class='ocrx_word' id='word_1_219' title='bbox 1030 4022 1169 4090; x_wconf 77' lang='lat' dir='ltr'><strong>(lamera</strong></span> <span class='ocrx_word' id='word_1_220' title='bbox 1207 4023 1371 4090; x_wconf 80' lang='lat' dir='ltr'><strong>Gildeulae</strong></span> <span class='ocrx_word' id='word_1_221' title='bbox 1408 4025 1555 4092; x_wconf 81' lang='lat' dir='ltr'><strong>civitatis</strong></span> 
     </span>
     <span class='ocr_line' id='line_1_30' title="bbox 500 4126 1556 4222; baseline -0.006 -22"><span class='ocrx_word' id='word_1_222' title='bbox 500 4132 677 4222; x_wconf 85' lang='lat' dir='ltr'><strong>praedictee‚</strong></span> <span class='ocrx_word' id='word_1_223' title='bbox 702 4127 869 4215; x_wconf 89' lang='lat' dir='ltr'><strong>recipiunt</strong></span> <span class='ocrx_word' id='word_1_224' title='bbox 890 4126 1133 4218; x_wconf 83' lang='lat' dir='ltr'><strong>recognitiones</strong></span> <span class='ocrx_word' id='word_1_225' title='bbox 1156 4127 1197 4192; x_wconf 89' lang='lat' dir='ltr'><strong>de</strong></span> <span class='ocrx_word' id='word_1_226' title='bbox 1220 4126 1343 4192; x_wconf 87' lang='lat' dir='ltr'><strong>debitis</strong></span> <span class='ocrx_word' id='word_1_227' title='bbox 1376 4149 1398 4192; x_wconf 88' lang='lat' dir='ltr'><strong>a</strong></span> <span class='ocrx_word' id='word_1_228' title='bbox 1420 4128 1556 4216; x_wconf 91' lang='lat' dir='ltr'><strong>quibus—</strong></span> 
     </span>
     <span class='ocr_line' id='line_1_31' title="bbox 500 4230 1556 4322; baseline -0.006 -20"><span class='ocrx_word' id='word_1_229' title='bbox 500 4257 629 4322; x_wconf 86' lang='lat' dir='ltr'><strong>cunque</strong></span> <span class='ocrx_word' id='word_1_230' title='bbox 651 4231 840 4300; x_wconf 85' lang='lat' dir='ltr'><strong>rolentibus</strong></span> <span class='ocrx_word' id='word_1_231' title='bbox 863 4252 903 4297; x_wconf 89' lang='lat' dir='ltr'><strong>ea</strong></span> <span class='ocrx_word' id='word_1_232' title='bbox 932 4249 1183 4318; x_wconf 75' lang='lat' dir='ltr'><strong>recognoscere,</strong></span> <span class='ocrx_word' id='word_1_233' title='bbox 1206 4234 1241 4295; x_wconf 89' lang='lat' dir='ltr'><strong>et</strong></span> <span class='ocrx_word' id='word_1_234' title='bbox 1263 4230 1490 4296; x_wconf 85' lang='lat' dir='ltr'><strong>executionem</strong></span> <span class='ocrx_word' id='word_1_235' title='bbox 1514 4231 1556 4296; x_wconf 89' lang='lat' dir='ltr'><strong>de</strong></span> 
     </span>
     <span class='ocr_line' id='line_1_32' title="bbox 502 4331 1555 4415; baseline -0.006 -10"><span class='ocrx_word' id='word_1_236' title='bbox 502 4338 624 4405; x_wconf 86' lang='lat' dir='ltr'><strong>debitis</strong></span> <span class='ocrx_word' id='word_1_237' title='bbox 660 4336 728 4402; x_wconf 92' lang='lat' dir='ltr'><strong>illis</strong></span> <span class='ocrx_word' id='word_1_238' title='bbox 757 4333 917 4415; x_wconf 88' lang='lat' dir='ltr'><strong>levandis,</strong></span> <span class='ocrx_word' id='word_1_239' title='bbox 950 4333 979 4398; x_wconf 89' lang='lat' dir='ltr'><strong>si</strong></span> <span class='ocrx_word' id='word_1_240' title='bbox 1008 4331 1144 4398; x_wconf 89' lang='lat' dir='ltr'><strong>termini</strong></span> <span class='ocrx_word' id='word_1_241' title='bbox 1171 4331 1345 4399; x_wconf 88' lang='lat' dir='ltr'><strong>solutionis</strong></span> <span class='ocrx_word' id='word_1_242' title='bbox 1369 4332 1555 4399; x_wconf 87' lang='lat' dir='ltr'><strong>debitorum</strong></span> 
     </span>
     <span class='ocr_line' id='line_1_33' title="bbox 501 4435 1558 4526; baseline -0.005 -18"><span class='ocrx_word' id='word_1_243' title='bbox 501 4441 643 4518; x_wconf 90' lang='lat' dir='ltr'><strong>illorum,</strong></span> <span class='ocrx_word' id='word_1_244' title='bbox 681 4441 719 4506; x_wconf 90' lang='lat' dir='ltr'><strong>in</strong></span> <span class='ocrx_word' id='word_1_245' title='bbox 749 4436 1033 4526; x_wconf 85' lang='lat' dir='ltr'><strong>recognitionibus</strong></span> <span class='ocrx_word' id='word_1_246' title='bbox 1055 4435 1122 4501; x_wconf 88' lang='lat' dir='ltr'><strong>illie</strong></span> <span class='ocrx_word' id='word_1_247' title='bbox 1146 4437 1303 4514; x_wconf 91' lang='lat' dir='ltr'><strong>contenti,</strong></span> <span class='ocrx_word' id='word_1_248' title='bbox 1329 4455 1397 4502; x_wconf 91' lang='lat' dir='ltr'><strong>non</strong></span> <span class='ocrx_word' id='word_1_249' title='bbox 1431 4436 1558 4503; x_wconf 81' lang='lat' dir='ltr'><strong>firerint</strong></span> 
     </span>
     <span class='ocr_line' id='line_1_34' title="bbox 502 4537 1556 4621; baseline -0.007 -9"><span class='ocrx_word' id='word_1_250' title='bbox 502 4543 676 4621; x_wconf 82' lang='lat' dir='ltr'><strong>observati,</strong></span> <span class='ocrx_word' id='word_1_251' title='bbox 700 4542 829 4608; x_wconf 81' lang='lat' dir='ltr'><strong>faciunt</strong></span> <span class='ocrx_word' id='word_1_252' title='bbox 841 4562 850 4621; x_wconf 78' lang='lat'><em>3</em></span> <span class='ocrx_word' id='word_1_253' title='bbox 888 4544 923 4606; x_wconf 88' lang='lat' dir='ltr'><strong>et</strong></span> <span class='ocrx_word' id='word_1_254' title='bbox 953 4537 1167 4605; x_wconf 86' lang='lat' dir='ltr'><strong>medietatem</strong></span> <span class='ocrx_word' id='word_1_255' title='bbox 1198 4543 1462 4605; x_wconf 83' lang='lat' dir='ltr'><strong>tenementorum</strong></span> <span class='ocrx_word' id='word_1_256' title='bbox 1499 4539 1556 4606; x_wconf 89' lang='lat' dir='ltr'><strong>de-</strong></span> 
     </span>
    </p>
   </div>
   <div class='ocr_carea' id='block_1_6' title="bbox 1443 4699 1555 4706">
    <p class='ocr_par' dir='ltr' id='par_1_10' title="bbox 1443 4699 1555 4706">
     <span class='ocr_line' id='line_1_35' title="bbox 1443 4699 1555 4706; baseline -0.009 0"><span class='ocrx_word' id='word_1_257' title='bbox 1443 4699 1555 4706; x_wconf 47' lang='grc' dir='ltr'><strong>*ιη-...-</strong></span> 
     </span>
    </p>
   </div>
   <div class='ocr_carea' id='block_1_7' title="bbox 502 4773 1557 4924">
    <p class='ocr_par' dir='ltr' id='par_1_11' title="bbox 502 4773 1557 4924">
     <span class='ocr_line' id='line_1_36' title="bbox 537 4773 1557 4842; baseline -0.009 -5"><span class='ocrx_word' id='word_1_258' title='bbox 537 4787 545 4818; x_wconf 94' lang='lat'><strong>¹</strong></span> <span class='ocrx_word' id='word_1_259' title='bbox 558 4783 603 4836; x_wconf 83' lang='lat' dir='ltr'><strong>An</strong></span> <span class='ocrx_word' id='word_1_260' title='bbox 614 4780 759 4833; x_wconf 80' lang='lat' dir='ltr'><strong>interlinear</strong></span> <span class='ocrx_word' id='word_1_261' title='bbox 770 4779 835 4830; x_wconf 81' lang='lat' dir='ltr'><strong>Note</strong></span> <span class='ocrx_word' id='word_1_262' title='bbox 843 4784 953 4830; x_wconf 80' lang='lat' dir='ltr'><strong>correcte</strong></span> <span class='ocrx_word' id='word_1_263' title='bbox 963 4775 1016 4827; x_wconf 82' lang='lat' dir='ltr'><strong>tbls</strong></span> <span class='ocrx_word' id='word_1_264' title='bbox 1051 4777 1101 4826; x_wconf 82' lang='lat' dir='ltr'><strong>end</strong></span> <span class='ocrx_word' id='word_1_265' title='bbox 1111 4776 1155 4828; x_wconf 86' lang='lat' dir='ltr'><strong>the</strong></span> <span class='ocrx_word' id='word_1_266' title='bbox 1166 4773 1265 4842; x_wconf 69' lang='lat' dir='ltr'><strong>Magna</strong></span> <span class='ocrx_word' id='word_1_267' title='bbox 1282 4773 1345 4838; x_wconf 70' lang='lat' dir='ltr'><strong>Lea,</strong></span> <span class='ocrx_word' id='word_1_268' title='bbox 1361 4789 1403 4828; x_wconf 83' lang='lat' dir='ltr'><strong>aee</strong></span> <span class='ocrx_word' id='word_1_269' title='bbox 1420 4773 1498 4828; x_wconf 79' lang='lat' dir='ltr'><strong>Liber</strong></span> <span class='ocrx_word' id='word_1_270' title='bbox 1508 4777 1557 4834; x_wconf 78' lang='lat' dir='ltr'><strong>Al,-</strong></span> 
     </span>
     <span class='ocr_line' id='line_1_37' title="bbox 502 4854 1400 4924; baseline -0.008 -9"><span class='ocrx_word' id='word_1_271' title='bbox 502 4860 698 4916; x_wconf 64' lang='lat' dir='ltr'><strong>to‘dcmdie’</strong></span> <span class='ocrx_word' id='word_1_272' title='bbox 723 4859 853 4911; x_wconf 72' lang='lat' dir='ltr'><strong>erube</strong></span> <span class='ocrx_word' id='word_1_273' title='bbox 864 4857 952 4910; x_wconf 72' lang='lat' dir='ltr'><strong>Media</strong></span> <span class='ocrx_word' id='word_1_274' title='bbox 962 4854 1017 4908; x_wconf 69' lang='lat' dir='ltr'><strong>Lux</strong></span> <span class='ocrx_word' id='word_1_275' title='bbox 1051 4855 1400 4924; x_wconf 66' lang='lat' dir='ltr'><strong>tue,pp.c7,es,1oe,110.</strong></span> 
     </span>
    </p>
   </div>
   <div class='ocr_carea' id='block_1_8' title="bbox 0 0 1814 5822">
    <p class='ocr_par' dir='ltr' id='par_1_12' title="bbox 0 0 1814 5822">
     <span class='ocr_line' id='line_1_38' title="bbox 0 0 1814 5822; baseline 0 0"><span class='ocrx_word' id='word_1_276' title='bbox 0 0 1814 5822; x_wconf 95' lang='lat' dir='ltr'><strong> </strong></span> 
     </span>
    </p>
   </div>
  </div>
 </body>
</html>
