3600 5822
281 879 323 944 12
340 891 425 946 unu.
442 875 495 966 n.]
507 888 670 944 currum
685 885 955 942 uonrmuuronr
970 887 1015 940 or
1030 885 1179 941 nnwunn
1202 891 1240 941 ru
1263 875 1329 944 263

282 1089 301 1120 ‘¹
323 1081 500 1148 ‘omnibus
522 1079 654 1148 ballivis
676 1085 712 1146 et
735 1077 888 1145 fidelibus
915 1078 993 1160 suis,
1017 1077 1164 1144 sulutem
1211 1076 1332 1144 Soietie

281 1193 300 1223 ‘⁸
324 1193 332 1222 ‘
346 1207 407 1252 nos
421 1183 622 1264 eonomine,
636 1187 672 1249 et
694 1183 756 1250 hee
772 1181 898 1248 Ohnrta
912 1187 1026 1249 nostru
1040 1183 1257 1264 confirmasse,
1273 1203 1332 1269 pro

281 1295 300 1327 ‘⁸
323 1293 332 1326 ‘
346 1288 442 1355 nobie
458 1292 494 1354 et
503 1286 689 1354 haereffibm
703 1284 834 1364 nostris,
848 1285 937 1372 quod
952 1285 1060 1372 Major
1074 1289 1109 1351 et
1123 1286 1218 1354 cives,
1227 1285 1333 1352 nostri

283 1397 301 1429 “
323 1390 594 1457 ‘Londoniurum
624 1387 772 1454 habeant
801 1391 836 1452 et
866 1391 1004 1452 teneant
1030 1407 1142 1452 omnes
1163 1386 1333 1454 libertates

281 1499 300 1532 ‘⁴
325 1501 334 1530 ‘
349 1498 384 1559 et
392 1493 511 1559 liberas
521 1490 774 1558 eonsuetudines
788 1509 871 1568 suos,
885 1511 967 1575 ques
982 1487 1172 1555 habuerunt
1184 1494 1333 1578 tempore

282 1601 302 1632 “
325 1594 449 1682 ‘Regis
471 1593 619 1674 Henrioi,
635 1594 691 1660 evi
707 1590 808 1680 Regis
824 1590 970 1670 Henriei,
986 1592 1042 1658 avi
1057 1594 1170 1672 nostri,
1194 1597 1229 1660 et
1251 1615 1334 1680 quae

281 1703 300 1736 “
324 1697 471 1763 ‘hubent
485 1719 544 1784 per
558 1696 699 1763 Chertee
722 1699 963 1761 anteoessorum
985 1697 1180 1776 nostrorum,
1204 1695 1334 1783 Regum

282 1805 302 1838 “
324 1797 494 1888 ‘Angliae,
520 1799 606 1865 sieut
622 1817 678 1864 eae
700 1797 852 1863 meliores
874 1800 910 1862 et
931 1795 1099 1864 liberiore's
1118 1795 1333 1880 'hebuerrmt;

282 1909 300 1938 “
324 1906 383 1967 ‘et
416 1901 506 1987 quod
537 1921 592 1966 eae
624 1900 771 1966 habeunt
792 1899 829 1964 in
859 1902 1062 1986 perpetuum,
1090 1905 1125 1966 et
1150 1900 1191 1966 de
1215 1904 1334 1968 oaetero

284 2008 304 2044 ‘¹
328 2001 454 2070 ‘libere
476 2007 511 2070 et
533 2002 628 2089 plene
651 2005 792 2068 utantur
816 2000 946 2066 eisdem
994 1999 1210 2068 Concedimue
1232 2003 1335 2069 etiam

283 2112 303 2141 “
327 2104 472 2170 ‘eisdem
494 2105 630 2182 civibus,
655 2103 744 2190 quod
765 2101 947 2191 quemlibet
969 2101 1128 2190 Majorem
1150 2125 1248 2190 quem
1272 2106 1335 2170 ele·

285 2213 304 2244 “
328 2205 461 2294 ‘gmint
492 2207 528 2271 in
559 2205 695 2272 eivitete
724 2209 840 2272 nostre
870 2204 1125 2284 Londoniurum,
1148 2206 1243 2272 nobis
1276 2209 1337 2272 aut

284 2315 303 2346 “
327 2307 534 2376 ‘heredibus
548 2308 671 2374 nostrie
686 2328 754 2374 non
768 2306 990 2374 existentibus
1009 2308 1098 2395 epud
1113 2306 1335 2374 westmonas-

284 2419 303 2448 “
327 2411 479 2490 ‘terium
502 2415 701 2498 praeeentero
723 2409 849 2498 possint
864 2410 1039 2475 annuatim
1063 2410 1248 2477 Batonibus
1261 2433 1336 2478 nos-

285 2521 305 2550 “
328 2513 414 2580 ‘tris
444 2512 486 2578 de
521 2511 698 2592 Soeomrio,
732 2516 772 2578 ut
804 2511 848 2578 ab
880 2512 1003 2577 eisdem
1036 2515 1197 2598 tunquam
1230 2512 1338 2601 Major

286 2625 304 2654 “
328 2614 557 2682 ‘admittetur
605 2615 662 2680 Itu
683 2617 805 2693 temen,
829 2613 918 2700 quod
951 2613 987 2679 in
1018 2616 1168 2701 proximo
1191 2615 1339 2682 edventu

286 2725 304 2755 “
328 2713 472 2798 ‘nostru
495 2717 564 2784 sive
586 2715 755 2784 heredum
777 2721 974 2796 nostrorum,
998 2716 1338 2803 unqueWestmonee·

285 2831 304 2858 “
328 2821 473 2887 ‘terium
495 2821 550 2886 vel
574 2820 770 2898 Londoniue‚
793 2819 896 2899 nobis,
918 2824 978 2885 eut
1000 2818 1187 2886 haeredibus
1208 2822 1338 2900 nostris,

285 2933 304 2961 “
328 2926 612 3011 ‘repraeeentetur,
636 2926 671 2988 et
692 2923 729 2988 in
752 2921 912 3008 Majorem
934 2922 1140 2989 admittatur.
1186 2924 1233 2988 Et
1246 2924 1339 2990 volu-

286 3035 304 3061 “
329 3035 426 3091 ‘mue
451 3030 486 3091 et
509 3024 724 3112 praeoipimus,
745 3047 805 3110 pro
827 3024 924 3090 nobis
946 3029 981 3089 et
1002 3023 1188 3090 haeredibus
1209 3025 1338 3104 nostrie,

288 3137 306 3164 ‘¹
330 3125 443 3213 ‘quod
465 3128 506 3193 de
527 3127 625 3191 firme
651 3127 798 3192 civitatis
829 3131 951 3193 nostrae
984 3125 1228 3193 Londonierum
1259 3128 1339 3194 allo-

288 3239 306 3266 “
331 3233 471 3295 ‘nentur
517 3227 775 3295 Vioooomitibue
822 3229 943 3294 nostris
991 3229 1138 3315 ejusdem
1183 3227 1337 3308 muitetur,

288 3340 306 3368 ‘⁴
331 3330 528 3397 ‘annuatim
568 3330 604 3395 in
647 3335 799 3418 compoto
845 3331 888 3396 od
932 3329 1138 3397 Smeourium
1179 3335 1339 3410 nostrum,

288 3443 307 3471 “
331 3437 482 3520 ‘septem
504 3431 599 3500 librae
632 3454 692 3520 pro
724 3433 878 3500 libertate
910 3431 1026 3500 Sancti
1058 3433 1153 3499 Pauli
1176 3433 1341 3500 Londoni-

289 3544 307 3574 “
332 3546 472 3617 ‘arum3
505 3540 541 3602 et
576 3537 664 3623 quod
698 3536 799 3602 iidem
821 3535 909 3602 oivee
931 3557 991 3623 per
1011 3539 1119 3602 totam
1141 3541 1340 3624 potestatem

288 3647 307 3676 “
331 3642 511 3718 ‘nostram
535 3643 605 3704 tem
638 3638 724 3704 citro
756 3657 846 3704 mere
881 3657 980 3724 quem
1014 3637 1111 3718 ultre,
1136 3639 1205 3704 sint
1236 3639 1341 3726 quieti

288 3748 307 3778 “
330 3741 395 3806 ‘de
425 3740 515 3806 omni
549 3739 715 3807 theolonio
745 3745 781 3806 et
809 3740 1046 3807 consuetudine
1070 3740 1106 3805 in
1136 3745 1342 3828 perpetuum,

286 3849 307 3880 ‘⁸
332 3843 440 3910 ‘siout
470 3844 507 3907 in
545 3841 678 3909 (thertie
711 3843 942 3930 praediotorum
975 3843 1105 3930 Regum
1145 3845 1341 3911 continetur.

289 3954 307 3982 “
332 3945 401 4011 ‘Et
422 3945 639 4032 prohibemus,
664 3966 762 4032 super
783 3943 1025 4011 forisfacturam
1046 3952 1203 4027 nostrum,
1220 3969 1262 4012 ne
1284 3947 1343 4011 uli-

287 4053 307 4084 “
332 4055 340 4082 ‘
355 4048 437 4134 quie,
451 4052 565 4113 eontra
578 4047 663 4112 hene
677 4047 867 4114 libertatem
882 4053 918 4113 et
932 4049 1170 4115 oonoeseionem
1185 4054 1341 4126 nostrum,

290 4159 307 4185 “
333 4159 341 4185 ‘
356 4150 444 4236 ipsos
458 4149 545 4216 cives
560 4147 745 4235 inquietare
761 4149 815 4216 vel
829 4171 951 4216 vexere
966 4151 1007 4217 de
1022 4155 1140 4218 coetero
1156 4157 1343 4237 praeeumnt.

289 4260 306 4288 “
332 4251 433 4316 'Hiie
457 4251 608 4332 testibus,
624 4251 804 4317 venerabili
815 4257 922 4338 petro,
950 4251 1081 4340 P[etro]
1097 4252 1344 4320 Herefordiensi

289 4363 308 4390 “
333 4353 525 4440 ‘Episcopo
553 4353 693 4420 Rieordo
721 4353 850 4420 Oomite
878 4353 1063 4433 Cornubiae,
1090 4355 1191 4420 fratre
1217 4359 1340 4434 nostro,
1379 4382 1485 4430 rme

287 4461 306 4494 ‘¹
331 4465 339 4492 ‘
355 4455 454 4522 Petro
463 4455 505 4522 de
520 4453 668 4533 Gebaud,
683 4455 706 4522 J
708 4455 836 4522 ohanne
849 4455 1009 4536 Mauneel,
1023 4455 1204 4544 Praeposito
1219 4457 1341 4524 Bever-

292 4565 311 4593 “
334 4557 428 4637 ‘laci
457 4557 620 4644 Magistro
639 4556 805 4623 Willelmo
839 4558 880 4623 de
899 4559 1069 4638 Kilkenni,
1098 4558 1341 4626 Archidiuoono

291 4669 309 4695 “
334 4659 556 4734 ‘Coventrim
583 4659 790 4724 Bertremmo
817 4659 857 4724 de
883 4659 1000 4737 Criole,
1029 4661 1182 4728 Johanne
1209 4662 1250 4727 de
1281 4663 1341 4730 Le}

291 4770 310 4798 “
333 4769 510 4848 ‘syntone
541 4761 696 4829 Johenne
721 4762 761 4828 de
786 4761 874 4843 Grei,
916 4761 1061 4830 Henrieo
1084 4764 1125 4830 de
1148 4763 1343 4854 Wenghum
