3462 5836
458 813 523 878 tro
793 826 895 876 arans
917 823 1166 878 ousrmsnnuu.
1296 811 1355 898 [14
1371 827 1456 877 nnw.
1475 828 1517 877 11.

287 1131 415 1174 rso-av·
503 1114 762 1195 nemorosum,
786 1114 873 1200 quod
896 1112 950 1179 die
981 1113 1136 1179 Mercurii
1169 1112 1205 1178 in
1228 1113 1354 1200 Vigilia
1376 1113 1516 1180 Nativi-

287 1192 432 1324 ffiiffigor
456 1221 539 1284 tatis
562 1219 677 1285 Sancti
699 1216 863 1282 Johannis
886 1216 1058 1304 Baptistae,
1084 1237 1171 1282 anno
1193 1216 1352 1303 praedicto
1376 1215 1516 1296 ¹xxiiii,

288 1293 430 1424 aflntqlt
455 1320 572 1398 telarii
597 1341 655 1407 per
677 1317 928 1383 indictationem
943 1317 1078 1384 Wardae
1092 1317 1134 1384 de
1150 1316 1458 1398 Candelwilrstrete‚
1478 1327 1516 1386 et

287 1393 442 1534 Ξιζὲῗξέϋξὲιη
454 1444 513 1509 per
550 1421 710 1488 Wardam
744 1420 786 1485 de
822 1418 1028 1500 Walebroke,
1069 1420 1284 1485 condemnati
1314 1442 1413 1507 super
1445 1421 1514 1486 hiis

288 1544 331 1626 ξιξ
347 1533 444 1625 fittingr
454 1524 541 1610 quod
563 1545 622 1611 per
644 1521 954 1589 confoederationem
969 1527 1004 1588 et
1027 1522 1309 1608 conspirationem,
1326 1523 1362 1588 in
1376 1523 1514 1589 ecclesia

289 1635 418 1686 „emmor
454 1625 586 1692 Sanctae
620 1624 818 1712 Margaretae
850 1623 891 1688 de
926 1624 1061 1709 Patym,
1098 1623 1334 1690 ordinaverant
1355 1624 1443 1690 inter
1475 1647 1512 1691 se

288 1683 436 1777 liffiiffid
454 1729 542 1814 quod
565 1749 624 1814 pro
646 1726 794 1813 quolibet
817 1747 928 1812 panno
954 1726 1100 1790 mirando
1123 1731 1280 1812 caperent
1300 1726 1338 1791 vi
1360 1727 1514 1792 denarios

300 1783 396 1878 blasti&
454 1831 529 1917 plus
559 1851 658 1916 quam
688 1827 874 1914 antiquitus
908 1848 1023 1914 capere
1057 1833 1322 1908 consueverunt3
1351 1833 1386 1894 at
1419 1829 1512 1914 quod

455 1931 606 2018 praedicti
627 1929 737 1997 telarii
767 1928 924 1995 utensilia
954 1928 1135 2007 latronum,
1159 1929 1201 1995 de
1232 1928 1338 1996 officio
1367 1929 1511 2010 illorum,

455 2035 499 2099 acl
521 2055 603 2121 opus
623 2055 719 2099 suum
743 2036 907 2118 oeperunt,
932 2036 1048 2096 contra
1063 2031 1188 2120 regiam
1203 2037 1428 2119 postestatem,
1443 2038 1511 2099 eto.

287 2148 444 2194 mamm
499 2135 621 2202 Telarii
653 2133 900 2200 Londoniarum
928 2131 1089 2198 sumoniti
1126 2133 1262 2199 fuemnt
1300 2134 1344 2199 ad
1375 2155 1512 2222 respon-

287 2201 443 2344 iiffnqivzigbs
456 2238 600 2304 (lendum
616 2237 761 2302 Domino
777 2235 862 2322 Regi
878 2235 920 2300 de
941 2233 1071 2321 placito,
1089 2255 1155 2320 quo
1170 2241 1341 2301 warranto
1363 2236 1512 2304 clanim

287 2313 421 2444 r'ffitrther
455 2340 575 2406 habere
590 2338 726 2405 Gildam
748 2358 842 2402 suam
857 2337 893 2401 in
916 2335 1055 2402 civitate
1077 2337 1258 2422 praediota;
1285 2343 1320 2403 et
1343 2339 1432 2425 quod
1454 2340 1513 2406 de·

286 2403 414 2495 titiis
454 2441 544 2519 bont,
562 2440 688 2506 virtute
703 2439 851 2524 ejusdem
867 2437 985 2518 Gildae,
1001 2437 1121 2523 eligere
1133 2443 1168 2504 et
1182 2438 1303 2505 habere
1318 2438 1461 2506 ballivos
1476 2448 1511 2508 et

287 2501 405 2644 iiiiii}
454 2543 622 2608 ministros
644 2543 685 2606 de
708 2540 822 2626 seipsis
844 2538 886 2604 de
908 2561 994 2604 anno
1026 2539 1062 2604 in
1096 2562 1230 2620 annum,
1255 2547 1289 2607 et
1322 2563 1378 2607 eos
1399 2564 1509 2608 coram

288 2613 399 2744 ¹⁰23?
455 2644 582 2730 Majore
611 2641 857 2708 Londoniarum
888 2641 1028 2723 ducere;
1066 2647 1101 2707 et
1135 2641 1184 2708 ibi
1211 2642 1383 2729 jurabunt,
1419 2646 1509 2730 quod

286 2753 403 2846 lili
454 2744 612 2933 iiis
626 2743 1081 2910 iiiiiiiiiii
1101 2743 1226 2911 ii
1249 2751 1292 2912 i
1313 2747 1510 2934 iiii

453 2947 489 3014 in
519 2948 745 3036 septimanam,
771 2946 811 3013 de
834 2945 988 3012 omnibus
1021 2967 1095 3033 quae
1117 2948 1287 3034 pertinent
1308 2948 1352 3015 ad
1374 2950 1506 3016 Gildam

454 3073 555 3118 suam.
614 3050 659 3116 Et
690 3048 779 3136 quod
800 3049 912 3114 nullus
935 3070 970 3114 se
1000 3048 1209 3117 intromittat
1232 3051 1273 3118 de
1305 3073 1418 3118 eorum
1444 3053 1508 3118 mi-

453 3153 588 3219 nisterio
611 3152 648 3218 in
671 3151 852 3217 Londoniis
873 3151 1030 3236 usquein
1046 3151 1228 3231 Sutwerke‚
1244 3175 1351 3240 neque
1374 3155 1411 3220 in
1432 3155 1509 3220 aliis

453 3255 533 3320 locis
556 3253 736 3320 Londoniis
766 3253 1020 3338 pertinentibus,
1045 3253 1110 3318 nisi
1132 3255 1295 3342 perillus,
1318 3263 1354 3322 et
1375 3257 1439 3322 nisi
1463 3257 1510 3323 sit

454 3357 495 3422 de
517 3379 630 3422 eorum
654 3354 760 3421 Gilda
809 3353 971 3440 Quodque
1002 3355 1031 3420 si
1054 3355 1174 3441 aliquis
1204 3357 1246 3422 de
1269 3379 1382 3424 eorum
1406 3358 1510 3424 Gilda

453 3458 554 3523 fuerit
575 3455 800 3544 implacitatus
822 3459 921 3521 extra
943 3455 1075 3522 Gildam
1098 3479 1191 3522 suam
1221 3481 1279 3545 per
1300 3460 1444 3546 aliquem
1471 3461 1510 3528 in

454 3559 594 3644 alicujus
616 3557 753 3624 alterius
786 3557 895 3636 Curia
932 3558 1020 3643 quod
1045 3559 1168 3625 debent
1198 3561 1306 3646 ipsum
1341 3561 1382 3627 de
1417 3563 1511 3629 dicta

455 3662 557 3728 Curia
590 3658 802 3740 calumniare,
837 3663 872 3724 et
901 3658 1023 3724 habere
1058 3661 1100 3726 ad
1134 3660 1269 3728 Curiam
1299 3684 1404 3730 mmm.
1461 3664 1510 3730 Et

453 3763 542 3849 quod
563 3761 675 3827 nullus
697 3761 819 3826 habeat
839 3759 1033 3826 utensilium
1049 3760 1090 3827 de
1113 3761 1218 3828 officio
1241 3764 1330 3830 inter
1352 3785 1415 3844 eos,
1439 3766 1508 3831 nisi

453 3863 651 3931 testificetur
672 3885 732 3950 pro
755 3861 842 3928 bono
865 3868 900 3928 et
921 3861 1021 3942 fideli,
1050 3868 1086 3930 et
1118 3863 1240 3931 habeat
1273 3865 1384 3933 'unde
1406 3869 1507 3933 susti-

452 3988 531 4032 nere
545 3967 675 4031 firmam
698 3964 805 4051 Regis.
851 3963 898 4029 Et
922 3965 1010 4050 quod
1032 3965 1143 4032 nullus
1166 3971 1345 4034 extraneus
1367 3969 1508 4057 recipia-

451 4075 510 4135 tur
531 4069 619 4134 inter
641 4088 697 4134 eos
718 4065 994 4152 manuoperarius,
1018 4068 1084 4133 nisi
1106 4069 1227 4134 habeat
1241 4070 1389 4136 litteram
1411 4074 1510 4138 testi-

452 4171 628 4236 monialem
652 4168 693 4234 de
722 4166 892 4244 fidelitate,
917 4173 951 4233 et
981 4169 1127 4253 qualiter
1159 4171 1292 4237 recessit
1324 4173 1365 4239 de
1393 4175 1510 4260 patria

451 4296 520 4340 sua.
578 4271 739 4357 Quodque
762 4269 791 4335 si
813 4269 933 4354 aliquis
960 4291 1073 4336 eorum
1108 4294 1129 4337 a
1162 4278 1252 4338 retro
1275 4273 1321 4339 sit
1343 4275 1384 4341 de
1406 4275 1509 4342 firma

451 4398 517 4455 sua
542 4374 586 4440 ad
616 4379 755 4460 tempus
787 4393 846 4459 rer
868 4373 1062 4438 utensilium
1092 4395 1189 4439 suum
1219 4375 1319 4442 usses
1349 4376 1511 4466 suffigi

486 4692 493 4723 ¹
510 4691 650 4758 cenceny,
662 4688 728 4741 xiiii.
931 4683 937 4754 Ι
992 4688 1003 4719 ²
1020 4685 1085 4738 This
1096 4685 1165 4737 voro
1177 4685 1200 4738 is
1211 4689 1334 4752 repeated.
