3600 5822
271 871 402 939 itanu.
410 871 461 962 11.]
471 889 735 940 insanissimus
744 887 894 941 senisse
903 887 998 940 nass
1008 888 1052 939 os
1060 887 1107 938 sn.
1119 868 1244 938 anun’s
1256 872 1320 938 ets

313 1071 434 1140 Postea
455 1073 550 1140 venit
574 1074 752 1163 pradictus
778 1073 939 1161 Magister
962 1072 1157 1150 Willelmus,
1182 1075 1218 1136 et
1241 1067 1323 1135 dicit
1334 1083 1463 1180 ιΔέιιιεςὶιιξιοιι

269 1176 359 1260 quod
373 1175 442 1263 ipse
457 1180 551 1243 tenet
576 1178 738 1244 venellam
758 1176 860 1258 illem,
886 1198 961 1263 quae
981 1180 1120 1243 vocetur
1143 1171 1323 1240 “Diceree-
1335 1149 1479 1280 bipedem

270 1282 289 1311 i
311 1277 419 1358 aad
442 1299 485 1344 ex
508 1277 697 1346 dimissione
722 1279 848 1346 nean
871 1283 907 1344 a
930 1277 1077 1366 capituli
1097 1275 1212 1343 sancii
1227 1273 1323 1340 eiiii
1335 1248 1456 1382 ffii

271 1379 526 1461 Londoniarum,
556 1381 722 1449 reddendo
753 1381 800 1448 eis
830 1381 891 1448 xvi
921 1381 1073 1448 denarios
1102 1400 1161 1467 per
1188 1399 1321 1456 annum,
1335 1350 1484 1483 oempppidos

270 1489 305 1549 et
334 1484 377 1549 ad
398 1485 585 1551 faciendum
615 1484 769 1564 construi,
794 1484 982 1571 sumptibus
1004 1482 1115 1570 ipsius,
1143 1479 1321 1559 haeredum,
1335 1452 1475 1536 dition¹d⁰⁰¹¹

270 1607 327 1651 seu
356 1585 598 1674 assignatorum
628 1607 772 1666 suorum,
804 1585 887 1652 duae
910 1589 1024 1672 portes
1047 1585 1190 1663 idoneas,
1220 1603 1322 1648 unani

269 1687 394 1754 scilieet
407 1689 451 1756 ad
468 1710 573 1756 unum
596 1693 695 1777 ceput
717 1687 816 1756 dictae
837 1687 987 1769 venellae,
1002 1691 1038 1753 et
1060 1687 1158 1752 uliam
1172 1685 1216 1752 ad
1230 1686 1323 1752 aliud
1390 1683 1395 1694 '

270 1796 370 1877 caput
392 1791 538 1879 ejusdem
569 1791 725 1879 capellae3
756 1791 807 1857 ite
838 1790 928 1878 quod
959 1789 1090 1878 praefati
1113 1790 1267 1856 Decimus
1288 1792 1323 1856 et

271 1893 473 1981 Capitulum,
499 1894 666 1974 Oanoniei,
689 1900 724 1961 et
747 1893 894 1960 ministri
916 1893 977 1972 sui,
1003 1898 1151 1981 tempore
1176 1893 1266 1981 pacis
1287 1895 1324 1958 et

270 2017 406 2084 guesnae,
437 1997 584 2062 habeant
621 1996 763 2062 liberum
796 1995 973 2062 introitum
999 2001 1034 2062 et
1056 1997 1185 2063 exitum
1207 1995 1243 2060 in
1266 2016 1322 2061 ve·

272 2099 360 2164 nelle
389 2099 549 2186 praedicte
579 2098 698 2166 dedis
731 2103 766 2164 et
792 2099 965 2178 neelami
986 2099 1196 2166 voluntatem
1218 2119 1322 2177 suam,

270 2200 338 2266 suis
360 2200 516 2266 clavibus.
562 2200 609 2266 Et
623 2200 747 2288 profert
770 2200 937 2287 quoddam
959 2201 1119 2288 scriptum
1141 2200 1220 2266 inde
1235 2201 1324 2266 inter
1361 2213 1471 2260 Ruta

272 2325 327 2368 eos
342 2301 566 2383 indentetum,
589 2303 652 2369 sub
676 2302 796 2391 Sigillo
813 2303 961 2391 Capituli
982 2302 1143 2390 praedicti,
1160 2304 1250 2389 quod
1263 2303 1325 2370 hec
1335 2288 1493 2394 ffgnoffiw,

271 2410 423 2472 testetur.
470 2405 550 2471 Ideo
572 2410 774 2494 praeceptum
796 2411 847 2473 eet
869 2405 1133 2485 Viceeomitibus,
1158 2407 1247 2492 quod
1268 2391 1473 2496 ve-fflffffl

273 2509 345 2574 nire
368 2509 514 2575 facerent
536 2509 711 2596 praedictos
733 2509 903 2576 Deeanum
927 2513 962 2575 et
986 2507 1189 2596 Capitulum.

317 2611 437 2677 Postea
459 2611 547 2677 idem
570 2611 722 2678 Decianus
744 2617 779 2678 et
805 2611 1007 2699 Capitulum,
1033 2634 1091 2698 per
1116 2615 1324 2678 attenuatum
1338 2631 1466 2726 illapsos

272 2735 377 2793 suum,
416 2713 580 2794 veniunt3
618 2719 653 2780 et
685 2714 809 2793 dicunt,
834 2715 924 2800 quod
955 2713 1119 2780 Dominus
1149 2713 1323 2794 Henricus,
1336 2683 1475 2826 ffiaidd

273 2815 438 2904 quendam
465 2817 538 2882 Rex
559 2816 702 2904 Angliae,
720 2838 803 2883 avus
835 2816 973 2884 Domini
1005 2816 1106 2904 Regis
1129 2838 1226 2898 nune,
1249 2839 1325 2884 con·
1339 2797 1404 2887 iilud
1412 2785 1493 2890 desi,

272 2919 370 2986 cessis
391 2919 522 2985 eniam
546 2919 707 3008 usmaro
731 2919 877 2986 asserio
900 2920 940 2985 ss
963 2919 1155 3002 amissis,
1176 2885 1459 3032 isaei-lilim

272 3021 338 3088 teri
368 3028 403 3088 et
441 3021 608 3088 Oanonico
639 3021 794 3090 Ecclesia
833 3021 1039 3088 Oathedralis
1077 3021 1192 3088 Sancti
1231 2985 1481 3088 Paulifflm

274 3123 530 3206 Londoniarum‚
568 3126 658 3212 quod
694 3124 782 3191 idem
815 3123 981 3192 Robertus
1018 3130 1135 3213 posset¹
1160 3123 1327 3192 includere

274 3227 466 3314 praedictem
491 3227 664 3309 venellam,
691 3232 725 3294 et
756 3227 899 3294 ebusum
930 3231 1066 3309 teners3
1099 3231 1135 3294 et
1156 3228 1328 3315 proferunt

273 3329 403 3398 litterae
424 3330 528 3418 ipsius
551 3330 688 3398 Henrici
712 3330 820 3418 Regis,
843 3331 880 3396 in
903 3331 973 3397 haec
993 3330 1095 3398 vei-bs
1108 3354 1164 3396 :-

322 3433 523 3516 “Henrieus
546 3433 610 3500 Dei
632 3435 750 3522 gratie,
778 3433 853 3500 Rex
879 3434 1019 3522 Angliae,
1043 3445 1113 3516 ete,
1136 3433 1218 3500 Dux
1240 3433 1275 3500 N
1277 3457 1327 3500 or·
1339 3448 1431 3495 Psoron
1439 3449 1465 3494 oi

277 3543 294 3571 u
422 3536 428 3550 .
575 3537 582 3550 .
671 3537 678 3551 .
1101 3539 1107 3553 ,
1245 3537 1253 3552 ,
1338 3499 1489 3546 echas-terei

318 3557 469 3614 manniae,
494 3537 772 3623 Aquitsnn1ae‚et
795 3536 912 3603 Comes
934 3537 1149 3626 Andegaviie,
1165 3538 1326 3616 ommbus‚
1339 3551 1421 3604 flens
1429 3551 1475 3596 111·

276 3645 295 3675 “
318 3643 378 3704 ete.
426 3638 514 3720 Quia
540 3640 732 3726 accepimus,
756 3660 815 3726 per
847 3638 1103 3726 Inquisitionem
1134 3663 1234 3729 quam
1256 3641 1329 3707 fieri
1339 3601 1464 3698 did-'⁸⁶⁰1'

277 3747 295 3777 ‘⁴
318 3740 462 3823 decimae,
496 3741 584 3828 quod
619 3763 687 3808 nen
721 3748 772 3808 est
803 3743 847 3810 ad
879 3742 1039 3810 damnum
1075 3750 1236 3824 nostrum,
1269 3767 1329 3812 nec

277 3852 295 3877 “
319 3842 465 3909 civitatis
487 3849 608 3910 nostrae
632 3845 888 3925 Londoninrum,
913 3847 1001 3932 quod
1025 3846 1184 3936 Magister
1206 3847 1330 3914 Ruben-

278 3953 294 3981 “
319 3951 373 4011 tus
398 3947 439 4012 de
462 3944 654 4028 Barthonia,
688 3947 877 4014 Praesentor
904 3948 1019 4014 Sancti
1041 3949 1138 4014 Pauli
1162 3951 1329 4016 Londoni·

277 4057 294 4083 ‘¹
317 4069 421 4126 arum,
438 4048 590 4114 includat
612 4049 779 4135 quendam
795 4049 965 4130 venellam
982 4072 1056 4138 quae
1072 4052 1240 4138 quondam
1262 4053 1329 4118 fuis

278 4159 295 4186 “
320 4149 451 4218 cecilia
486 4151 527 4216 de
560 4151 667 4232 Tudri,
687 4151 790 4239 juxta
814 4152 974 4219 Sanctum
996 4152 1139 4219 Paulum
1162 4155 1328 4221 Londoni·

277 4262 295 4289 “
316 4254 674 4322 arum-concessimus
689 4256 727 4336 ei,
744 4256 833 4342 quod
848 4256 972 4322 dietam
987 4257 1148 4324 venellam
1164 4258 1329 4324 includere

277 4364 296 4392 “
318 4358 430 4444 possit,
447 4362 482 4424 et
497 4357 641 4424 clausam
658 4363 776 4438 tenere,
793 4359 854 4424 tali
873 4359 978 4440 mode,
995 4359 1085 4446 quod
1099 4361 1142 4426 ad
1156 4361 1329 4448 utriusque

277 4469 295 4496 “
317 4466 417 4548 eaput
445 4460 591 4547 ejusdem
615 4462 754 4530 venellie
776 4461 839 4527 fiat
865 4484 932 4527 una
954 4468 1052 4550 porta
1073 4483 1147 4528 cum
1171 4465 1328 4543 clavibus,

277 4571 296 4600 “
318 4564 362 4628 ad
385 4562 579 4630 intrandum
602 4569 637 4632 et
652 4563 841 4631 exeundum
857 4565 958 4630 libere
974 4588 1032 4653 per
1054 4566 1183 4633 easdem
1206 4574 1327 4656 portes,

278 4671 296 4700 “
319 4671 454 4753 propter
476 4667 697 4734 infortunium
723 4666 866 4734 incendii
890 4671 925 4734 et
946 4667 1028 4734 alios
1050 4691 1143 4736 casus
1165 4671 1327 4750 fortuitos,

279 4775 298 4801 ‘⁸
321 4768 381 4855 qui
412 4769 602 4858 frequenter
633 4772 669 4836 in
701 4770 815 4836 eadem
838 4770 975 4838 civitate
1006 4777 1164 4862 poterunt
1189 4775 1329 4843 evenire.
