3624 5824
472 906 548 976 162,
807 918 910 974 atsur
930 917 1176 976 cuswuaauu
1328 909 1387 990 [29
1404 923 1492 981 11111.
1505 927 1527 988 1.

474 1113 667 1182 “tudinem
701 1111 877 1200 potestatis
908 1113 1074 1202 astringit,
1106 1115 1188 1200 quin
1220 1115 1325 1204 possit
1355 1137 1419 1196 eas,
1449 1139 1523 1184 cum

475 1223 493 1254 “
516 1219 611 1284 decet
641 1221 676 1284 et
708 1215 852 1302 expedit,
884 1237 1046 1298 revocare,
1070 1238 1108 1284 ac
1143 1217 1244 1286 etism
1276 1218 1523 1286 mutare-Nos

475 1329 503 1366 “·
516 1320 620 1406 igitur
643 1319 854 1388 attendentes
885 1319 975 1404 quod
1007 1319 1166 1386 nonnulla
1196 1321 1378 1408 privilegia,
1414 1321 1523 1388 indul·

474 1431 491 1460 “
514 1421 653 1509 genuae,
677 1426 712 1490 11
734 1422 858 1509 gratias
878 1420 1044 1490 carissimo
1069 1423 1105 1490 in
1132 1421 1281 1490 Christo¹
1305 1428 1427 1505 nostro,
1445 1423 1522 1490 Phi-

473 1531 491 1560 “
513 1526 603 1612 lippo
627 1525 712 1612 Regi
735 1523 884 1590 Francise
907 1524 1038 1604 illustri,
1062 1526 1196 1610 ejusque
1218 1527 1463 1606 suooessoribus,
1487 1533 1522 1594 et

473 1628 700 1716 “specialiter
732 1650 791 1714 pro
823 1627 1010 1693 defensione
1054 1629 1147 1715 regni
1175 1629 1234 1706 sui,
1270 1615 1393 1715 ²supei·
1424 1631 1520 1694 certis

471 1730 628 1797 “formis
659 1730 814 1796 duximus
837 1730 1053 1811 concedenda,
1082 1736 1116 1796 et
1138 1731 1281 1818 gratiose
1313 1732 1424 1818 eliqua
1447 1754 1521 1798 eon-

472 1842 489 1871 “
514 1834 668 1902 cessimus
699 1833 822 1900 clericis
849 1837 883 1900 et
909 1831 1008 1912 laicis,
1041 1833 1099 1920 qui
1135 1833 1176 1898 de
1202 1855 1261 1899 suo
1295 1839 1330 1898 at
1362 1856 1521 1902 suceesso-

473 1944 491 1974 “
514 1960 588 2002 rum
621 1959 754 2004 auorum
786 1934 926 2002 ³stricte
964 1935 1100 2003 consilio
1137 1935 1280 2016 firerunt,
1312 1936 1367 2004 vel
1404 1939 1519 2024 majori

472 2047 491 2076 ‘⁴
516 2042 604 2127 parti
643 2040 796 2104 illorum:
845 2060 985 2124 quorum
1023 2039 1206 2126 privilegia,
1245 2040 1427 2126 gratia-rum
1464 2040 1519 2106 111

471 2149 489 2178 “
513 2143 756 2210 concessionum
782 2139 981 2222 ⁵oooesione,
1004 2141 1059 2206 vel
1080 2163 1140 2227 per
1154 2143 1302 2224 ebusum,
1326 2141 1467 2210 ccelesiis
1487 2149 1521 2209 et

471 2255 489 2280 “
511 2247 719 2314 aeclesiarum
745 2245 901 2332 praelatis,
929 2265 967 2308 ac
997 2243 1144 2332 personis
1177 2245 1338 2331 religiosis
1362 2250 1397 2312 et
1419 2267 1519 2312 seecu-

470 2357 487 2384 “
511 2348 635 2414 laribus
666 2347 747 2416 dicti
780 2347 873 2434 regni
904 2369 1025 2434 magna
1054 2345 1227 2434 dispendia
1259 2353 1294 2413 11
1327 2349 1520 2436 gravamina

406 2466 412 2479 '
471 2460 489 2486 “
512 2456 592 2518 sunt
607 2449 712 2532 illata,
739 2456 774 2516 11
796 2449 912 2536 gravio.
945 2449 1099 2516 scandala
1121 2453 1200 2516 sunt
1226 2455 1352 2530 exorta,
1371 2455 1406 2517 et
1427 2447 1520 2518 6ma·

470 2559 486 2588 “
504 2553 581 2638 jora
602 2557 740 2640 possunt
764 2551 862 2622 oriri:
888 2573 926 2618 oo
953 2556 1175 2640 praecaventes
1201 2574 1244 2620 ne
1277 2549 1408 2620 ⁷olerici
1437 2576 1518 2641 prae-

470 2663 488 2690 “
511 2660 617 2738 textu,
653 2653 877 2742 ⁸supredictae
925 2653 1067 2722 ecclesise
1115 2654 1245 2744 praelati
1287 2677 1324 2722 ac
1371 2677 1517 2746 personae

469 2765 486 2794 “
510 2757 734 2824 eeclesiasticae
767 2757 841 2844 plus
872 2761 1062 2845 graventur,
1090 2757 1294 2846 providimus
1327 2781 1425 2848 super
1457 2760 1518 2826 hoc

469 2869 487 2900 “
510 2863 639 2932 salubre
661 2863 843 2932 remedium
870 2863 1034 2931 adhibere.
1080 2863 1181 2932 Unde
1194 2864 1254 2930 illa
1276 2866 1396 2944 omnia,
1413 2888 1517 2954 quen·

468 2971 581 3034 “tum
614 2967 658 3034 ad
682 2988 813 3034 omnem
847 2965 994 3054 ipsorum
1022 2967 1184 3048 effectum,
1207 2968 1248 3034 de
1279 2968 1420 3034 fratrum
1442 2991 1517 3034 nos-

469 3075 637 3137 “trorum
663 3070 806 3149 consilio,
838 3069 1008 3156 usquead
1034 3069 1131 3136 dictae
1155 3067 1250 3136 Sedis
1272 3070 1515 3160 beneplacitum

467 3173 665 3241 “duximus
696 3172 934 3260 suspendenda,
969 3171 1028 3238 illa
1062 3172 1207 3239 maxime
1243 3195 1316 3258 quae
1350 3174 1515 3240 occasione

467 3286 485 3314 ‘⁶
506 3299 710 3364 guerrarum,
734 3275 854 3363 quibus
877 3275 959 3342 dieti
982 3273 1077 3362 regni
1100 3277 1209 3342 status
1224 3271 1381 3362 ⁹psoifioa
1403 3276 1516 3343 turbo-

467 3386 484 3415 “
506 3379 614 3460 batur,
638 3383 719 3446 tuna
740 3377 898 3466 temporis
913 3377 1003 3444 fuere
1030 3397 1189 3442 concessa.
1236 3374 1270 3442 N
1272 3399 1309 3446 ea
1330 3379 1513 3446 considera-

465 3481 633 3548 “tionem
663 3486 811 3548 nostram
850 3479 1039 3566 pertransit,
1063 3479 1160 3566 quod,
1196 3479 1314 3546 divina
1346 3477 1514 3550 ¹⁰favante

466 3591 482 3618 “
506 3583 688 3664 clementia,
715 3606 774 3672 per
802 3582 1024 3650 ministerium
1047 3588 1198 3650 nostrum
1228 3582 1317 3648 inter
1350 3584 1457 3672 ipsum
1482 3591 1516 3651 et

465 3693 483 3722 “
506 3687 708 3754 carissimum
745 3685 782 3751 in
814 3685 945 3754 Christo
982 3685 1089 3753 filium
1119 3690 1280 3766 nostrum,
1305 3686 1515 3770 Edwardum,

466 3790 630 3875 “Regem
660 3788 791 3875 Anglise
821 3787 992 3871 illustrem,
1023 3787 1113 3876 pacis
1146 3793 1197 3856 est
1224 3786 1412 3856 llformatio
1439 3790 1514 3855 sub-

465 3901 482 3928 “
505 3896 623 3969 secuta,
655 3887 808 3956 1111111111
837 3912 905 3957 non
926 3895 976 3958 est
997 3895 1094 3958 tanta
1115 3891 1290 3958 necessitas
1320 3891 1515 3958 defensionis

464 4001 481 4027 “
509 3991 697 4080 hujusmodi
727 4013 801 4058 aum
837 3995 934 4060 tanto
966 4015 1063 4061 onere
1093 3992 1255 4075 eliorum;
1278 3997 1315 4058 at
1344 3994 1372 4060 si
1405 3990 1513 4082 ¹³qua,

463 4105 481 4132 “
503 4117 573 4161 esse
596 4094 778 4160 dinoscitur
792 4094 889 4182 eulpa
903 4117 969 4162 sua.
1017 4095 1158 4183 Insuper
1174 4093 1199 4133 ¹⁴
1211 4095 1408 4182 quibusdam
1430 4118 1514 4184 prac-

462 4198 580 4266 “latis
607 4201 642 4264 et
665 4197 811 4284 personis
840 4197 1073 4282 ecclesiasticis,
1105 4197 1310 4287 regularibus
1348 4203 1383 4266 et
1413 4221 1513 4266 111111-

485 4357 488 4362 .
522 4359 530 4362 -
536 4357 543 4362 .
549 4356 639 4362 .....--
647 4353 924 4362 --...--...-—--——

497 4435 646 4503 ¹V.B.fdio
655 4443 743 4486 nostro.
1044 4434 1133 4486 ⁸V.B.
1145 4433 1289 4501 supradicti.

497 4519 507 4548 ²
518 4517 585 4568 Vlt.
597 4515 649 4568 rud.
1043 4516 1052 4545 1
1062 4515 1129 4568 V.B.
1136 4515 1268 4582 pacificus.

496 4599 506 4626 1
518 4597 584 4648 V.R.
597 4597 688 4646 stricto.
1044 4595 1062 4625 11
1074 4595 1140 4647 VB.
1145 4596 1264 4662 faciente.

497 4679 506 4706 ⁴
518 4675 584 4726 VR.
597 4673 799 4741 indulgendae-um
810 4679 841 4726 et.
1043 4671 1060 4703 ¹¹
1073 4672 1140 4724 VB.
1152 4675 1298 4738 reformatio.

502 4755 511 4784 1
524 4754 591 4805 V.R.
603 4756 727 4804 occasione
735 4769 782 4818 per
790 4752 899 4804 1111111111.
1043 4751 1062 4782 ¹²
1072 4751 1139 4803 Vm.
1152 4751 1277 4804 1111111111.

498 4833 705 4884 1111111111,
1043 4830 1201 4896 ¹³V.R.qua
1212 4832 1250 4882 ait.

499 4913 508 4939 ⁷
518 4909 589 4963 V.R.
602 4909 653 4960 lali.
1043 4911 1061 4941 11
1072 4909 1139 4962 V.R.
1151 4909 1271 4976 quicquid.
