3600 5822
278 869 322 933 50
341 865 676 952 nnu.111.]cusr0us
698 879 741 927 or
764 879 833 928 mn
849 879 931 928 run
953 877 998 928 or
1020 875 1246 928 sourflwlan.
1264 857 1328 928 am

279 1067 407 1154 “juria
440 1065 540 1131 alicui
561 1063 719 1142 facienda,
743 1084 868 1144 neen03
903 1068 937 1128 et
970 1064 1044 1149 quic
1076 1063 1329 1130 eonsuetudines

277 1177 295 1208 “
316 1170 391 1234 illas
413 1172 514 1244 tenet,
539 1172 573 1232 et
596 1166 770 1253 quomodo,
794 1169 829 1230 et
852 1187 919 1251 qua
940 1166 1094 1246 ratione3
1126 1169 1161 1230 ct
1184 1164 1327 1251 Inquisi-

279 1279 297 1310 “
320 1271 445 1338 tionem
472 1269 558 1347 inde,
589 1268 744 1334 distincte
775 1272 810 1332 et
844 1276 955 1354 aparte
988 1265 1119 1344 factam,
1146 1267 1240 1331 nobie
1268 1267 1329 1331 nub

280 1381 298 1409 “
321 1373 437 1460 Sigillo
460 1377 528 1448 tue,
553 1375 588 1438 at
611 1369 737 1456 Sigilllr
767 1385 885 1435 'eorum
911 1391 970 1456 per
996 1369 1189 1456 quaefacta
1217 1367 1326 1446 fuerit,

281 1481 299 1512 “
320 1476 391 1540 aine
413 1473 573 1539 dilatione
608 1472 731 1550 mittas,
756 1476 792 1537 et
826 1471 890 1538 hoc
914 1471 1023 1538 breve.
1070 1471 1168 1536 Teste
1190 1469 1324 1556 meipso,

279 1585 297 1614 ‘⁴
320 1577 409 1664 apud
424 1575 636 1662 Wyndcscre‚
652 1573 752 1640 xviiitl
774 1573 829 1640 die
844 1573 978 1660 Aprilis,
995 1594 1083 1639 anno
1106 1572 1201 1661 regni
1224 1571 1330 1638 nostri

279 1683 298 1715 “
320 1675 618 1765 quinquagesimo?

636 1907 848 2000 [Inquisitio
865 1907 973 1996 inda]

324 2105 343 2134 “
365 2097 542 2185 Inquisitio
564 2103 660 2186 capta
688 2120 748 2186 per
773 2099 980 2186 subscriptae,
1005 2098 1167 2178 videlicet,
1188 2119 1248 2186 per
1269 2097 1331 2164 Pe·
1343 2115 1467 2170 mortar

279 2205 298 2236 “
319 2203 410 2264 trum
425 2199 602 2286 Tcmpbm,
619 2201 643 2265 J
645 2200 784 2266 acobum
801 2200 985 2280 Hansarde,
1002 2201 1178 2282 etc-Qui
1203 2201 1328 2280 dicunt,
1341 2168 1476 2262 illiciniil

281 2307 299 2334 “
321 2321 420 2387 super
449 2306 688 2366 sacramentum
717 2323 820 2380 auum,
846 2302 936 2386 quod
970 2301 1023 2368 hac
1056 2307 1135 2369 sunt
1158 2307 1330 2367 consuetu·
1343 2270 1448 2314 ihm

281 2408 300 2436 “
321 2401 415 2466 dines
429 2401 519 2468 villae
534 2403 575 2468 dc
591 2402 773 2468 Suthwerk
787 2429 795 2484 3
818 2403 950 2482 scilicet,
968 2403 1059 2490 quod
1075 2403 1180 2469 omnis
1196 2409 1332 2485 carecta,

281 2503 350 2568 “si
391 2501 492 2568 fircrit
541 2503 649 2569 locata
686 2503 726 2569 de
764 2504 870 2570 bladis
904 2504 960 2570 vel
997 2504 1070 2569 aliis
1109 2504 1331 2584 mercandisis,

281 2611 300 2641 “
322 2609 450 2670 carecta
471 2605 508 2670 ln
529 2605 626 2670 exitu
647 2625 706 2670 suo
723 2609 819 2670 extra
834 2605 949 2672 villam
972 2605 1000 2670 si
1023 2604 1125 2671 fuerit
1148 2605 1331 2686 discatiata

282 2705 417 2771 “dabit
444 2706 470 2770 ii
495 2705 656 2772 denarioa
715 2705 812 2786 Item,
849 2707 956 2771 omnia
987 2726 1094 2792 equus
1123 2705 1259 2786 locatus,
1290 2709 1331 2774 dc

281 2815 299 2844 ‘⁴
321 2805 460 2872 diversis
492 2807 705 2873 mercandisis
739 2807 889 2885 curiatae,
914 2809 950 2872 iu
984 2829 1043 2873 suo
1078 2807 1227 2887 introitu,
1259 2831 1334 2875 cum

282 2917 299 2944 “
321 2910 450 2975 venerit
472 2909 562 2974 infra
583 2909 705 2988 villam,
729 2909 825 2976 dabit
857 2909 991 2975 obolum
1003 2933 1012 2988 ;
1036 2913 1070 2974 et
1095 2910 1132 2974 in
1155 2932 1214 2976 suo
1237 2912 1333 2977 exitu

282 3019 300 3044 “
322 3016 419 3077 extra
440 3011 563 3089 villam,
587 3010 682 3076 dabit
704 3010 845 3089 obolum,
878 3011 944 3074 nisi
966 3009 1069 3076 fuerit
1104 3011 1145 3076 dc
1178 3012 1333 3078 libertate

284 3121 301 3146 “
323 3113 442 3198 aliqua
489 3113 577 3178 Item
609 3113 732 3190 dimmt,
762 3110 852 3197 quod
883 3113 923 3176 de
947 3111 1100 3176 omnibus
1122 3113 1215 3198 equis
1245 3136 1334 3178 sum-

283 3222 301 3249 “
322 3215 434 3300 magia
473 3214 612 3301 piscium
652 3213 873 3278 deferentibus
904 3212 991 3276 infra
1020 3212 1142 3290 villam,
1178 3218 1259 3278 tunc
1293 3216 1335 3280 de

284 3321 302 3350 “
324 3314 471 3401 quolibet
497 3335 581 3402 equo
612 3337 699 3382 unus
721 3313 820 3401 piscis
842 3312 1015 3398 capiatur3
1038 3314 1183 3398 exceptis
1205 3316 1334 3401 magnis

282 3424 301 3451 “
322 3415 474 3502 piscibus,
505 3415 667 3494 videlicet,
702 3415 840 3500 congris,
866 3413 999 3492 dorreia,
1028 3435 1135 3500 rayca,
1161 3419 1196 3479 et
1218 3417 1331 3482 darces

283 3525 301 3554 “
322 3517 466 3596 marinis,
484 3517 525 3584 dc
549 3517 670 3604 quibus
692 3515 777 3580 nihil
799 3514 955 3604 capiatur.
1001 3513 1047 3579 Et
1070 3515 1209 3601 quilibet
1231 3539 1335 3604 equus

283 3628 302 3656 “
323 3620 364 3686 de
390 3641 454 3705 quo
476 3619 574 3706 piscis
600 3619 737 3705 capitur,
766 3617 795 3682 si
816 3615 917 3682 fuerit
941 3616 1074 3694 locatus,
1099 3616 1193 3684 dabit
1215 3619 1252 3684 in
1274 3642 1334 3686 suc

283 3721 417 3787 “exitu
439 3719 579 3788 obolum.
638 3721 734 3799 Item,
763 3719 792 3784 si
817 3719 1002 3805 plaustrum
1024 3718 1169 3784 locatum
1192 3721 1236 3787 cit
1259 3743 1333 3787 cum

283 3830 302 3858 ‘⁴
323 3823 506 3901 mearemi0‚
538 3821 593 3888 'vel
630 3821 752 3909 scirpis,
780 3821 833 3886 rel
863 3818 1113 3907 quibuscunque
1143 3821 1218 3887 aliis
1248 3845 1332 3890 mer-

283 3922 892 4002 “candiais,dabitirdena1i0s;et
924 3920 953 3986 si
983 3943 1058 3987 cum
1087 3921 1208 4010 scirpis,
1232 3945 1336 3990 unum

284 4033 301 4062 “
323 4026 403 4091 bolt.
448 4026 545 4106 Item,
562 4026 590 4090 si
612 4031 741 4092 carecta
754 4025 861 4090 locata
882 4023 985 4089 fuerit
999 4045 1073 4089 cum
1088 4024 1212 4090 tabulis
1233 4027 1335 4113 perti-

284 4137 302 4162 “
324 4127 479 4193 nantibus
495 4127 538 4192 ad
553 4127 739 4215 pistrinum,
756 4126 851 4191 dabit
866 4126 1006 4191 obolum.
1053 4124 1149 4204 Item,
1165 4128 1194 4192 si
1209 4135 1336 4196 carecta

284 4239 302 4266 “
323 4230 431 4296 locata
451 4229 552 4296 fuerit
575 4252 649 4296 cum
671 4229 855 4306 mearemio,
872 4229 978 4294 solvet
993 4227 1133 4293 obolum.
1181 4230 1277 4310 Item,
1294 4233 1335 4298 de

285 4341 302 4368 “
325 4337 452 4398 carecta
476 4353 551 4398 cum
574 4331 702 4419 tegulis,
729 4330 869 4396 obolum.
924 4331 1019 4410 Item,
1044 4331 1085 4396 de
1109 4337 1236 4398 carecta
1262 4356 1336 4400 cum

283 4441 302 4470 ‘⁸
323 4434 434 4521 petris,
457 4433 597 4499 obolum
636 4433 732 4512 Item,
758 4433 800 4498 dc
822 4433 989 4498 extraneis
1011 4435 1254 4514 mercatoribus,
1278 4459 1338 4524 pro

286 4541 304 4568 “
327 4535 539 4601 mercandiaie
561 4536 629 4601 suis
650 4535 797 4623 recipieti
820 4534 991 4599 denarium
1018 4534 1149 4600 obolum
1181 4535 1222 4601 de
1245 4537 1339 4604 libra.

285 4642 304 4671 ‘⁴
328 4636 424 4716 Item¹
448 4638 477 4702 si
501 4636 599 4702 homo
620 4637 743 4703 locatus
773 4635 872 4701 fuerit
904 4655 978 4698 cum
1002 4636 1219 4715 mercamine,
1246 4639 1340 4705 dabit

287 4743 305 4771 “
327 4735 467 4804 obolum
515 4739 610 4816 Item,
628 4739 669 4805 de
691 4739 784 4824 equis
798 4735 1015 4816 venientibus,
1031 4735 1186 4805 videlicet
1206 4739 1338 4820 harreis,
