3462 5836
491 919 557 986 420
827 933 931 982 mann
953 931 1200 984 cusuuulsnn
1331 917 1391 1004 [la
1409 933 1501 985 now.
1521 935 1560 984 11.

492 1117 511 1147 “
532 1110 722 1198 pedimento
753 1109 805 1174 uti
835 1111 871 1174 et
899 1108 1042 1195 gaudere
1054 1106 1075 1144 ·¹
1088 1106 1298 1194 permittatis,
1330 1107 1419 1195 ipsos
1448 1131 1561 1196 super

493 1223 512 1250 “
533 1213 598 1279 hiis
620 1235 687 1278 nou
711 1211 923 1277 molestantes
942 1209 1098 1289 indebite,
1122 1231 1181 1275 seu
1200 1216 1389 1297 gravantes
1447 1211 1557 1277 Teste

494 1325 511 1353 “
533 1316 666 1404 meipso,
691 1314 781 1402 apud
804 1312 1018 1398 Wyndesore,
1044 1313 1107 1377 xii⁰
1130 1311 1185 1378 die
1219 1311 1421 1393 Deoembris,
1457 1335 1555 1380 anno

493 1425 511 1454 “
534 1419 628 1508 regni
650 1416 756 1483 nostri
779 1414 896 1481 xiiii⁰.''

321 1516 480 1620 {ffiflflffl
537 1521 584 1588 Et
599 1519 725 1600 dieunt,
742 1517 831 1604 quod
847 1517 976 1583 ratione
992 1515 1100 1584 Gildae
1115 1538 1183 1583 suae
1206 1517 1376 1604 praediotae
1399 1517 1555 1586 clamant

323 1619 456 1712 gffig'ots
491 1623 554 1710 ipsi
569 1622 689 1688 habere
705 1620 841 1689 Curiam
856 1640 960 1700 suam,
976 1618 1018 1685 de
1043 1619 1229 1706 septimana
1254 1619 1291 1684 in
1314 1621 1551 1705 septimanam,

323 1719 478 1767 mmmm·
491 1723 532 1792 de
569 1725 722 1792 omnibus
754 1745 828 1811 quae
865 1721 1035 1809 pertinent
1064 1721 1108 1788 ad
1154 1721 1288 1788 Gildam
1332 1742 1432 1788 suam
1499 1724 1554 1791 Et

490 1829 597 1917 quoad
620 1827 776 1894 olamium
810 1847 907 1891 suum
930 1824 1019 1912 quod
1044 1825 1072 1889 si
1095 1823 1215 1910 aliquis
1246 1825 1421 1891 deserum
1444 1825 1554 1894 Gilda

439 1979 444 1992 .
489 1931 589 1998 fiserit
604 1929 831 2017 implacitatus
846 1931 944 1994 extra
959 1927 1093 1993 Gildam
1108 1947 1211 2004 suam,
1229 1932 1297 2004 eta,
1315 1925 1438 2006 dieunt
1456 1931 1554 2014 quod

491 2035 520 2100 si
547 2035 620 2121 quis
638 2033 679 2098 de
702 2053 815 2100 eorum
840 2029 940 2096 Gilda
963 2028 1065 2095 fuerit
1091 2028 1318 2116 implacitatus
1340 2030 1422 2095 alibi
1443 2051 1554 2117 quam

489 2137 526 2202 iu
549 2135 651 2202 Gilda
676 2156 746 2212 sua,
773 2132 937 2212 videlieet,
971 2131 1012 2196 de
1049 2131 1181 2218 plaeitis
1208 2131 1323 2212 debiti,
1346 2139 1551 2214 contractus,

490 2236 727 2314 conventionis,
752 2257 811 2302 seu
842 2255 954 2321 parvae
986 2232 1265 2321 transgressionis,
1298 2234 1388 2320 quod
1422 2235 1554 2304 debent

489 2341 599 2428 ipsum
623 2339 663 2404 de
688 2338 790 2407 Curia
813 2359 873 2402 sua
895 2335 1104 2414 calumniare,
1132 2341 1167 2401 et
1191 2335 1312 2402 habere
1342 2337 1385 2402 ad
1408 2338 1553 2405 Curiam
1615 2404 1624 2416 ,

489 2444 598 2509 Gildae
621 2463 696 2509 suae.
744 2440 790 2505 Et
812 2439 922 2526 quoad
945 2437 1100 2503 elamium
1123 2459 1219 2504 suum
1233 2438 1440 2526 praedictum,
1457 2443 1553 2526 quod

488 2545 514 2609 si
539 2546 614 2631 quis
637 2543 752 2609 feeerit
774 2561 901 2628 pannos
925 2540 965 2606 de
990 2537 1300 2622 Oandelwikstrete,
1323 2545 1394 2618 eta,
1418 2542 1550 2622 dieunt,

488 2646 586 2732 quod,
604 2646 723 2730 siquis
745 2643 904 2710 detulerit
919 2643 963 2708 ad
985 2643 1073 2729 ipsos
1096 2642 1189 2707 filum
1212 2641 1346 2728 aliquod
1369 2645 1411 2710 ad
1427 2649 1549 2710 texen-

487 2749 575 2826 dum,
600 2747 663 2834 ipsi
690 2767 748 2832 per
777 2745 924 2810 Ballivos
954 2765 1030 2810 suos
1052 2745 1176 2810 debent
1208 2745 1420 2832 supervidere
1450 2747 1549 2812 filum

487 2850 579 2928 illud,
603 2849 633 2914 si
647 2847 693 2914 sit
714 2846 912 2913 conveniens
935 2868 1047 2913 neone.
1094 2847 1140 2912 Et
1163 2847 1193 2912 si
1214 2846 1298 2913 forte
1326 2871 1385 2934 per
1399 2848 1549 2935 aliquem

487 2953 528 3019 de
538 2951 639 3018 Gilda
653 2973 713 3018 sua
728 2948 918 3036 hujusmodi
934 2949 1028 3016 filum
1044 2949 1154 3015 minus
1169 2949 1293 3016 bonum
1308 2950 1352 3016 ad
1362 2951 1548 3018 texendum

488 3061 642 3144 ponatur,
659 3059 740 3120 tune
763 3054 887 3118 debent
910 3051 1033 3118 Ballivi
1057 3051 1166 3118 Gildee
1188 3053 1356 3138 praediotae
1372 3054 1485 3120 videre
1510 3068 1550 3123 et

488 3159 682 3225 examinare
706 3161 875 3222 texturam
900 3155 976 3220 telae
999 3154 1096 3232 illius
1123 3159 1266 3241 operatae
1289 3155 1330 3220 de
1352 3155 1550 3241 hujusmodi

486 3262 543 3327 filo
566 3261 676 3326 minus
698 3260 794 3324 bono.
840 3256 937 3322 Etsi
960 3257 1151 3322 inveniatur
1174 3256 1321 3323 defectus
1343 3257 1384 3323 de
1410 3257 1465 3324 filo
1489 3262 1551 3325 vel

486 3368 633 3444 textura,
667 3366 748 3429 tune
786 3359 907 3425 debent
941 3359 1092 3446 praediuti
1117 3357 1240 3425 Bellivi
1263 3359 1455 3445 hujusmodi
1486 3363 1549 3427 de-

485 3465 608 3530 fectum
639 3463 795 3529 nunciare
828 3459 949 3548 Majori
990 3460 1246 3541 londoniarum,
1284 3466 1319 3527 et
1355 3483 1464 3528 coram
1505 3487 1551 3530 eo

487 3567 585 3634 debet
615 3565 819 3652 adjudicari;
858 3568 894 3630 et
913 3561 1111 3630 burellarius
1138 3564 1196 3648 qui
1219 3563 1297 3630 feeit
1331 3565 1425 3629 filum
1449 3565 1551 3650 illud,

486 3671 534 3736 ibi
557 3669 657 3736 debet
680 3667 849 3734 amerciari
874 3667 918 3732 od
942 3665 1115 3731 dimidiam
1138 3687 1289 3746 maroam,
1315 3674 1349 3734 et
1371 3671 1550 3756 operarius

485 3773 560 3839 telae
575 3772 674 3838 debet
688 3771 801 3858 puniri
817 3791 875 3857 per
891 3769 1038 3836 Ballivos
1053 3770 1221 3856 praediotae
1230 3769 1345 3848 Gildae,
1361 3772 1550 3840 seeundum

485 3873 756 3942 consuetudinem
792 3871 940 3958 ejusdem
979 3871 1094 3940 Gildae.
1155 3871 1202 3938 Et
1241 3875 1350 3959 quoad
1387 3873 1549 3942 olamium

484 4000 582 4045 suum
608 3975 816 4064 praedictum,
840 3974 930 4061 quod
954 3974 983 4040 si
1006 3979 1209 4061 oompertum
1234 3975 1279 4040 sit
1302 3977 1392 4062 quod
1422 3977 1550 4063 aliquis

484 4080 599 4146 feeerit
621 4097 771 4164 pannum
800 4077 856 4142 vel
885 4075 995 4162 pecias
1031 4077 1134 4163 panni
1171 4076 1215 4142 ad
1254 4077 1476 4159 vendendum,
1502 4082 1549 4148 de

484 4183 562 4247 lana
577 4179 731 4267 Ispanioa
753 4178 862 4243 mixta
884 4200 959 4245 eum
982 4178 1061 4243 lana
1082 4177 1277 4265 Anglieane,
1302 4181 1427 4261 dieunt,
1453 4185 1549 4268 quod

485 4281 678 4369 hujusmodi
701 4281 803 4367 panni
825 4281 881 4346 vel
906 4280 1008 4366 peoiae
1030 4281 1134 4368 panni
1156 4303 1267 4347 eoram
1298 4281 1423 4369 Majoie
1455 4283 1549 4352 Lon·

485 4390 669 4468 domatum,
686 4387 745 4473 qui
759 4408 819 4474 pro
845 4392 992 4473 tempore
1014 4385 1124 4470 suerit,
1141 4387 1266 4454 debent
1288 4388 1473 4474 adjudiean'
1501 4395 1549 4458 ad

484 4492 750 4560 comburendum.

1404 4715 1458 4723 uu·-
1464 4717 1544 4726 νο...

617 4835 624 4868 ¹
637 4833 701 4887 Thls
712 4833 813 4888 nordh
823 4835 939 4900 repeated
952 4833 978 4887 in
989 4833 1032 4888 the
1044 4833 1151 4902 original
1163 4837 1198 4906 by
1209 4835 1392 4888 inadvertenee.
