3600 5822
476 813 542 878 280
811 823 914 874 mous
935 819 1184 874 ousuuumuu.
1352 805 1390 893 [8
1405 821 1530 874 uum

478 1021 497 1050 “
518 1014 559 1079 ds
574 1011 724 1100 quolibet
745 1029 837 1098 equo,
854 1009 994 1075 obolum
1042 1008 1139 1086 Item,
1163 1007 1206 1074 ds
1226 1026 1312 1094 squs
1333 1028 1408 1074 oum
1430 1008 1529 1095 pullo,

481 1123 499 1150 ‘¹
521 1115 534 1180 i
550 1113 729 1180 denarium.
775 1112 871 1190 Item,
888 1111 929 1177 do
951 1109 1044 1188 bovo,
1062 1108 1204 1176 obolum.
1260 1109 1357 1189 Item,
1373 1109 1415 1175 ds
1430 1131 1531 1176 vsoos

477 1225 496 1253 “
517 1237 592 1282 oum
607 1215 723 1293 vitulo,
735 1213 746 1279 i
757 1213 936 1280 denarium.
972 1212 1068 1289 Item,
1082 1211 1123 1277 ds
1132 1211 1182 1276 iiii
1191 1211 1329 1298 pomis,i
1344 1211 1525 1278 donarium.

477 1326 496 1354 “
518 1318 615 1396 Item,
639 1317 680 1384 de
706 1315 757 1382 iiii
778 1314 905 1394 ovibus,
930 1315 944 1380 i
966 1313 1146 1392 domium,
1163 1319 1222 1379 sto

524 1427 542 1455 “
566 1419 661 1498 Item,
679 1418 793 1484 dicunt
817 1416 905 1504 quod
928 1415 1182 1482 oonsustudines
1203 1414 1371 1502 praedioiae
1392 1414 1528 1480 valeant

479 1531 496 1557 “
519 1544 577 1610 por
606 1542 738 1600 sunum,
771 1539 845 1586 oum
869 1518 1024 1584 omnibus
1048 1515 1201 1595 exitibus
1227 1516 1364 1603 placitis
1388 1520 1424 1582 et
1454 1538 1528 1604 per-

479 1633 497 1660 “
519 1623 658 1710 quisitis
682 1646 706 1688 x
726 1620 894 1687 librarum.
940 1618 1037 1698 Item,
1055 1618 1171 1685 dieunt
1193 1618 1280 1704 quod
1303 1617 1377 1685 istae
1392 1639 1528 1685 eonsue-

479 1734 496 1761 “
518 1724 653 1790 sudines
677 1728 757 1789 sunt
779 1721 820 1787 ds
844 1741 977 1808 corpore
1004 1719 1193 1787 Comitatus
1214 1725 1255 1785 ut
1277 1720 1318 1785 do
1347 1741 1475 1798 oorons,
1492 1725 1528 1785 ot

478 1835 496 1862 “
519 1825 608 1911 quod
637 1846 659 1890 s
699 1843 832 1911 oorporo
870 1820 1060 1888 Comitatus
1094 1819 1238 1908 sepsusri
1275 1841 1344 1887 non
1380 1827 1526 1909 possunt.

479 1935 497 1963 “
520 1927 586 1993 Sed
608 1925 725 1992 dicunt
746 1923 836 2011 quod
867 1922 1031 1988 Dominus
1067 1921 1141 1988 Rex
1170 1919 1245 1986 illas
1274 1923 1527 1989 eonsuetudines

479 2037 496 2065 “
518 2027 685 2094 dimittere
700 2031 809 2114 potest
833 2023 1015 2109 cuicunque
1030 2022 1183 2102 voluerit,
1208 2023 1252 2088 sd
1273 2023 1411 2104 firmum,
1428 2024 1527 2089 solvis

477 2140 495 2166 “
518 2129 714 2197 Viosoomiti
750 2148 809 2214 per
846 2147 970 2190 sunum
1007 2147 1033 2190 x
1062 2123 1157 2190 libris
1193 2123 1367 2211 praediotis,
1398 2127 1526 2193 solven.

476 2233 570 2300 “dis
600 2231 706 2298 eidem
736 2227 930 2295 Viosoomiti
962 2247 1020 2313 por
1049 2247 1168 2292 manus
1201 2223 1438 2292 tirmsriorium
1469 2229 1527 2315 qui

477 2345 495 2373 “
518 2335 692 2423 praedjoos
721 2329 973 2399 oomuetudinos
1011 2329 1202 2407 tenuemnt
1246 2328 1332 2394 siout
1376 2329 1433 2394 ulii
1469 2331 1527 2395 fir·

477 2437 614 2502 “marii
643 2456 771 2523 semper
792 2433 919 2499 solvere
940 2435 1187 2496 consueverunt.
1233 2428 1280 2496 Et
1304 2429 1396 2497 istud
1416 2437 1528 2520 potest

476 2549 495 2574 “
518 2537 681 2604 Dominus
712 2536 787 2602 Rsx
808 2535 914 2599 fsosrs
935 2531 1059 2618 absque
1082 2531 1203 2598 damno
1216 2530 1272 2598 vol
1294 2532 1415 2620 injutis
1428 2530 1527 2602 alioui

476 2649 494 2675 “
516 2637 673 2705 iaciendo.
719 2638 814 2714 Item,
839 2635 956 2701 dieunt
977 2631 1067 2720 quod
1082 2633 1270 2700 Vioeoomos
1291 2633 1328 2699 in
1350 2635 1447 2702 firmo
1467 2657 1528 2702 sus

476 2741 704 2807 “Comitatus
746 2736 888 2804 Surreioe
927 2739 1021 2802 tenet
1058 2735 1234 2822 praediotss
1263 2737 1528 2820 oonsuetudinss‚

476 2851 495 2878 “
517 2864 556 2908 eo
591 2840 690 2907 modo
719 2843 755 2906 ot
784 2838 912 2904 ratione
934 2858 1001 2923 qus
1030 2835 1122 2924 prius
1160 2842 1272 2904 tenore
1305 2840 1517 2906 oonsuovsiit

476 2956 495 2984 a
517 2947 617 3015 Anno
639 2946 732 3035 mgni
756 2944 855 3032 Regis
879 2941 1017 3009 Henn'ci
1041 2942 1319 3031 quinquagesimo,
1343 2942 1442 3033 sto'']

718 3315 785 3404 [De
808 3312 1003 3382 Oouottouus
1025 3319 1055 3380 et
1077 3311 1287 3400 Attoumeoj

332 3495 439 3540 ausu
522 3467 577 3533 En
598 3472 705 3554 temps
728 3463 916 3551 ¹Grsgoirs,
943 3462 1046 3528 Msirs
1070 3461 1110 3528 de
1133 3461 1312 3540 Loundres
1337 3483 1379 3528 sn
1401 3462 1457 3528 lan
1479 3464 1526 3529 du

307 3544 464 3690 &iiiiii-⁰
475 3591 576 3656 regno
611 3569 642 3634 lo
675 3567 739 3632 Roi
763 3565 918 3646 Edwmd,
942 3563 1073 3644 utisme,
1096 3585 1160 3652 pur
1181 3585 1237 3630 oso
1259 3584 1300 3650 qs
1322 3565 1525 3631 soventei'oiz

307 3644 422 3740 &itti
434 3647 463 3691 ¹¹⁰
475 3695 535 3759 pur
556 3690 691 3736 ssounss
712 3669 747 3754 qi
769 3671 946 3733 countours
979 3687 1016 3732 so
1045 3665 1152 3744 strunt,
1178 3665 1213 3752 qi
1234 3664 1308 3731 lour
1329 3667 1462 3732 mostier
1483 3689 1526 3734 ns

306 3745 446 3889 iignffii'e
460 3848 464 3858 ¹
476 3772 637 3853 suvoisnt,
660 3791 703 3836 ns
725 3789 767 3836 no
790 3773 908 3835 euroni
930 3767 1041 3856 apris3
1064 3767 1171 3833 dount
1192 3767 1239 3832 les
1260 3765 1525 3853 prodoshommss

306 3844 458 3897 mm
475 3877 516 3943 de
539 3876 572 3939 la
595 3873 659 3940 oits
681 3871 759 3938 bien
781 3891 816 3936 se
837 3872 1051 3956 aporoeuront
1083 3889 1124 3955 qs
1146 3889 1207 3955 par
1228 3867 1303 3934 lour
1324 3869 1524 3955 ignorsunoo

475 3978 522 4043 les
544 3973 701 4062 enpledsz
723 3975 758 4038 st
780 3971 827 4037 les
849 3970 1069 4058 supledsuntz
1105 3969 1179 4036 lour
1200 3969 1269 4056 plui
1292 3973 1327 4036 et
1349 3969 1423 4036 lour
1445 3993 1525 4058 que·

474 4079 565 4156 reles,
593 4097 635 4142 on
657 4073 833 4160 Hustsnge
855 4076 890 4137 st
912 4091 955 4136 en
988 4070 1109 4137 hostisl
1140 4071 1197 4136 dss
1224 4070 1427 4151 Visoountss
1451 4095 1524 4160 por-

474 4181 593 4258 dirent,
620 4183 656 4245 et
677 4195 813 4244 ssounss
836 4173 1020 4240 dosheritsz
1044 4193 1108 4259 pur
1132 4171 1206 4238 lour
1236 4171 1301 4239 fols
1323 4174 1438 4260 guier3
1459 4197 1524 4262 pur

473 4305 529 4350 ceo
551 4303 592 4370 qs
618 4279 757 4348 chosoun
779 4297 813 4342 se
835 4275 885 4342 fet
907 4279 1069 4341 oountour
1082 4295 1103 4340 s
1118 4295 1155 4340 ss
1169 4272 1313 4354 volunts,
1330 4274 1390 4342 itel
1405 4297 1524 4344 ssouns

472 4385 555 4451 foitz
571 4383 605 4470 qi
619 4383 705 4449 bons
720 4379 860 4468 lungsge
882 4397 925 4442 ns
941 4377 1051 4442 savoit
1065 4375 1182 4464 purior,
1198 4397 1220 4441 a
1237 4380 1362 4463 gruunt
1376 4375 1524 4444 ssolsun-

718 4697 726 4728 ¹
743 4697 860 4765 Gregory
870 4695 1006 4762 Roksslsy,
1017 4693 1116 4760 Mayor,
1127 4691 1196 4746 uu.
1210 4697 1281 4746 1200.
