3462 5836
497 857 563 922 480
842 866 944 916 urana
966 864 1207 916 eumenen
1333 852 1391 934 [ll
1408 866 1500 916 m.
1515 869 1556 918 rr.

499 1055 816 1142 predolensem
840 1051 981 1136 Majores
996 1056 1031 1117 et
1054 1051 1177 1116 Bellivi
1198 1049 1339 1116 alianrm
1362 1053 1554 1126 cititatum,
1690 1105 1691 1108 ,

353 1176 462 1222 sesan
498 1158 685 1244 burgorum,
702 1161 736 1222 et
750 1155 904 1220 villarum
927 1153 1021 1242 regui
1035 1155 1095 1232 sui,
1112 1154 1147 1218 in
1170 1154 1290 1240 quibus
1313 1153 1439 1240 capella
1454 1153 1556 1220 eflici-

498 1265 601 1326 untur
616 1260 669 1325 vel
690 1257 878 1324 venditioni
893 1260 1111 1343 exponuntur,
1129 1257 1186 1342 qui
1201 1277 1260 1342 pro
1275 1261 1426 1342 tempore
1442 1263 1555 1332 erunt,

498 1363 637 1450 singulis
653 1362 747 1426 annis
761 1360 813 1426 bis
828 1359 870 1425 ad
886 1359 1004 1438 minus,
1020 1359 1073 1424 vel
1096 1357 1217 1444 pluries
1238 1359 1267 1423 si
1289 1380 1420 1424 necesse
1441 1359 1556 1435 fuerit,

435 1457 437 1462 ’
498 1467 538 1531 de
562 1463 740 1552 pramissis
762 1462 892 1549 plenius
907 1461 1090 1548 inquirant,
1108 1465 1143 1526 et
1157 1459 1282 1546 capella
1298 1460 1422 1527 ibidem
1437 1481 1557 1546 super-

498 1567 636 1632 videant
658 1572 693 1632 et
723 1565 921 1640 examinent,
945 1569 981 1629 et
1012 1563 1049 1628 in
1083 1562 1157 1628 illos
1192 1585 1273 1648 quos
1304 1563 1340 1628 in
1370 1563 1556 1650 premissis

500 1670 727 1755 delinquentes
742 1666 884 1734 inveniri
899 1666 1081 1753 contigerit,
1098 1687 1213 1752 poenas
1235 1673 1411 1732 exerceant
1434 1687 1556 1752 supra·

501 1771 607 1836 dictas
638 1770 675 1835 in
701 1769 807 1835 forma
839 1769 987 1854 superius
1018 1772 1211 1854 praenotato.
1271 1767 1317 1833 Et
1350 1770 1378 1834 si
1410 1767 1556 1834 forsitan

502 1873 652 1960 praedicti
675 1872 826 1957 Majores‚
843 1871 1067 1950 Viccoomites,
1092 1875 1127 1936 et
1150 1870 1281 1951 Ballivi,
1305 1871 1340 1936 in
1363 1871 1555 1957 praemissis,

501 1975 556 2040 vel
579 1997 692 2040 eorum
726 1974 845 2060 aliquo,
877 1973 1036 2038 faciendis
1067 1978 1101 2038 et
1133 1973 1311 2059 explendis,
1346 1973 1558 2059 negligentes

500 2077 627 2144 fuerint
649 2077 703 2144 vel
717 2075 852 2154 remissi,
870 2081 951 2140 tunc
966 2073 1054 2140 idem
1070 2073 1234 2140 Dominus
1250 2075 1324 2142 Rex
1347 2081 1381 2140 et
1404 2075 1557 2140 haeredes

503 2181 554 2244 sui
577 2201 617 2246 ea
639 2199 697 2266 per
721 2178 889 2244 ministros
919 2197 995 2242 suos
1018 2177 1091 2241 fieri
1114 2176 1244 2244 faciant
1302 2178 1348 2242 Et
1378 2178 1557 2264 proferunt

504 2282 649 2348 Litteras
671 2279 774 2367 ipsius
798 2278 935 2345 Domini
970 2278 1070 2364 Regis
1101 2278 1267 2358 Patentes,
1291 2301 1364 2364 quae
1395 2279 1458 2344 hoc
1490 2285 1557 2344 tes-

500 2389 639 2463 tantnr;
670 2387 704 2447 et
726 2382 850 2460 dicunt,
867 2381 956 2467 quod
971 2380 1072 2445 iidem
1088 2380 1228 2466 operarii
1251 2381 1448 2467 capellorum
1472 2383 1557 2446 arti-

500 2487 580 2551 culis
612 2485 685 2563 illis,
716 2507 737 2550 a
770 2489 916 2569 tempore
939 2481 1150 2548 confectionis
1187 2481 1373 2549 litterenrm
1413 2483 1555 2548 Domini

504 2587 603 2673 Regis
625 2587 866 2672 praedictarum,
892 2585 1059 2672 hucusque
1084 2586 1136 2650 usi
1158 2591 1295 2652 suntet
1316 2587 1428 2672 gavisi

544 2688 589 2752 ut
604 2709 701 2772 super
715 2687 784 2765 hoc,
802 2685 965 2752 Dominus
980 2687 1055 2752 Rex
1069 2687 1244 2754 mandavit
1257 2686 1281 2753 J
1283 2689 1457 2754 usticiariis
1484 2689 1554 2754 suis

501 2789 602 2855 breve
625 2809 721 2853 suum
744 2789 899 2866 clausum,
924 2788 961 2853 in
983 2788 1054 2854 haec
1076 2789 1178 2854 verba
1194 2813 1245 2854 :-

330 2913 396 2958 close
407 2913 466 2958 wat
548 2890 769 2970 “Edwerdus,
786 2889 850 2956 Dei
866 2890 982 2977 gratia,
1000 2897 1067 2970 etc,
1092 2891 1221 2957 dilectis
1244 2897 1279 2958 et
1300 2893 1451 2960 fidelibus
1475 2895 1551 2974 suis,

331 2965 491 3060 tillidi?
504 3003 522 3030 “
547 2993 691 3060 Hervico
714 2993 755 3058 de
779 2992 943 3058 Stantone
965 2996 1000 3058 et
1022 2993 1116 3058 sociis
1138 2995 1214 3072 suis,
1238 2993 1262 3060 J
1264 2995 1441 3062 usticiariis
1455 2998 1556 3063 itine-

331 3066 449 3164 liilio'ii‘
504 3107 521 3134 “
543 3098 693 3163 rentibus
717 3096 806 3183 apud
829 3095 960 3160 Turrim
991 3095 1245 3176 Londoniarum,
1270 3097 1419 3163 salutem
1465 3099 1553 3166 Cum

503 3210 520 3236 “
542 3223 602 3267 nos
625 3221 739 3286 nuper,
771 3197 814 3263 ad
837 3197 1098 3284 prosecutionem
1125 3202 1160 3263 et
1181 3200 1425 3286 suggestionem
1448 3203 1557 3289 capel-

502 3303 699 3368 “lariorum
722 3301 764 3366 de
787 3299 991 3376 Fletestrete,
1016 3299 1162 3366 civitatis
1186 3301 1439 3382 Londoniarum,
1456 3326 1557 3389 qnas-

500 3411 517 3440 “
542 3405 619 3468 darn
642 3404 787 3469 Litteras
813 3406 943 3466 nostres
966 3399 1124 3467 Patentes
1148 3403 1220 3468 fieri
1246 3403 1389 3485 fecimus,
1413 3428 1455 3472 ne
1479 3409 1557 3494 quis

501 3515 518 3541 “
541 3513 711 3584 mercator,
749 3504 938 3588 alienigene
966 3503 1019 3568 vel
1060 3503 1226 3592 indigena
1258 3528 1316 3572 seu
1354 3509 1439 3574 elius
1481 3511 1557 3595 qui.

501 3617 518 3644 “
541 3629 677 3692 cunque,
695 3607 818 3694 capella
840 3607 950 3672 minus
974 3604 1180 3686 sufficientia,
1198 3609 1239 3673 de
1261 3608 1428 3676 lanaeum
1443 3611 1556 3678 floccis

502 3719 518 3746 “
541 3711 657 3788 mixta,
696 3709 783 3774 infra
821 3729 960 3796 regnum
997 3714 1150 3774 nostrum
1181 3709 1314 3790 deferre,
1355 3735 1412 3778 seu
1450 3715 1555 3780 etiem

501 3821 518 3848 ‘¹
541 3813 665 3900 capella
684 3816 799 3878 vetera
821 3811 861 3876 de
884 3832 972 3878 novo
995 3811 1131 3898 tingere,
1148 3817 1183 3880 et
1211 3836 1250 3880 ea
1272 3835 1331 3901 pro
1353 3815 1449 3881 novis
1469 3839 1557 3884 ven·

501 3915 661 3980 “ditioni
692 3935 862 4000 exponere,
888 3919 1109 4001 praesumeret,
1145 3915 1207 3982 sub
1242 3918 1338 3982 certis
1375 3919 1483 4004 poenis
1516 3920 1553 3984 in

499 4017 663 4084 “eisdem
693 4016 866 4083 contentis.
913 4016 965 4083 Ac
1001 4017 1220 4103 postmodum,
1252 4019 1289 4083 in
1327 4019 1555 4088 Perliamento

501 4127 518 4154 “
540 4124 662 4198 nostro,
679 4119 769 4207 opud
792 4119 984 4198 Eboracum,
1009 4141 1097 4185 anno
1122 4122 1217 4208 regni
1239 4123 1343 4187 nostri
1358 4123 1414 4200 xii,
1431 4145 1555 4190 convo·

500 4230 516 4258 “
539 4227 621 4303 cato,
644 4245 704 4308 per
737 4221 933 4308 petitionem
959 4243 1068 4288 coram
1093 4223 1188 4289 nobis
1209 4228 1245 4289 et
1270 4224 1555 4304 Consilionostro

500 4332 518 4362 “
542 4325 736 4403 exhibitam,
759 4324 856 4390 nobis
881 4324 998 4390 datum
1012 4324 1114 4391 firerit
1138 4325 1291 4413 intelligi,
1308 4327 1396 4412 qnod
1419 4329 1553 4413 preefeti

500 4435 517 4462 ‘¹
540 4427 714 4513 capellarii,
752 4426 814 4492 sub
852 4428 957 4492 colore
992 4427 1179 4494 litterarum
1217 4429 1447 4515 predictarum
1477 4453 1555 4498 nos-

498 4538 516 4568 “
541 4535 675 4609 tramm,
698 4549 759 4616 pro
782 4530 914 4616 proprio
929 4531 1098 4597 commod0
1122 4553 1189 4610 suo,
1213 4552 1280 4598 non
1303 4553 1362 4618 pro
1385 4533 1553 4599 communi

499 4641 516 4670 ‘¹
538 4633 685 4698 utilitate
716 4631 830 4719 populi
861 4633 955 4720 regni
989 4633 1105 4712 nostri,
1139 4639 1210 4700 tem
1235 4642 1430 4702 mercatores
1460 4638 1548 4704 indi·

502 4742 519 4772 “
541 4756 643 4824 genas
666 4755 765 4822 quam
794 4735 996 4822 alienigenae
1019 4735 1145 4824 capella
1166 4737 1256 4804 bona
1285 4743 1320 4805 et
1343 4738 1549 4820 sufficientia,

497 4843 515 4876 ‘⁶
538 4838 580 4904 de
603 4839 681 4906 lana
702 4838 811 4904 floccis
833 4838 949 4918 mixta,
977 4838 1065 4908 infla
1087 4839 1177 4908 idem
1208 4863 1350 4930 regnum
1383 4843 1428 4909 ad
1461 4865 1550 4910 mer·
