3624 5824
462 898 526 974 176
795 919 899 968 nrnnu
921 917 1163 970 cusronsnou
1329 904 1365 992 [9
1376 919 1460 970 now.
1473 917 1510 968 11.

461 1097 643 1187 “jusmodi
664 1102 798 1168 recorda
822 1101 864 1168 de
893 1101 1041 1189 praefctis
1074 1100 1201 1188 Majore
1223 1106 1258 1167 et
1281 1099 1428 1182 Bellivis,
1450 1121 1510 1188 pro

460 1211 479 1241 “
501 1205 644 1292 eoquod
657 1204 827 1272 Articulus
849 1203 1033 1293 predictus,
1050 1205 1097 1272 sic
1112 1209 1262 1272 mutatus
1283 1209 1318 1271 et
1337 1209 1509 1283 correctus,

461 1312 478 1347 “
501 1327 576 1372 cum
597 1307 737 1374 Stctuto
758 1308 915 1395 praediotc
937 1308 973 1373 in
995 1307 1147 1374 omnibus
1169 1330 1237 1373 non
1260 1307 1444 1386 concordat,
1458 1329 1510 1373 re-

462 1419 480 1448 “
502 1409 618 1497 cipere,
642 1413 678 1476 et
700 1410 823 1498 placite
846 1411 888 1476 de
910 1409 1099 1478 warrantiis
1125 1409 1193 1476 illis
1215 1415 1336 1488 tenere,
1351 1409 1510 1476 hactenus

462 1511 686 1580 “recusastis
733 1512 780 1580 Et
817 1513 896 1600 quie
929 1512 1086 1580 correctio
1123 1518 1158 1579 et
1191 1513 1335 1578 mutatio
1365 1511 1510 1578 Articuli

461 1619 480 1652 ‘¹
502 1614 651 1701 proedioti
674 1636 734 1701 per
754 1615 951 1701 praedictum
973 1619 1102 1702 petrem
1117 1619 1269 1681 nostrum
1284 1614 1326 1682 de
1341 1635 1420 1680 sano
1434 1635 1509 1681 con·

461 1723 479 1754 “
502 1717 576 1783 silio
599 1739 667 1796 suo,
691 1716 761 1783 zelo
778 1718 924 1805 justitias
938 1718 1155 1798 maturante,
1172 1722 1212 1783 ut
1235 1717 1406 1799 credimus,
1421 1718 1510 1784 fectu

463 1827 481 1856 “
503 1820 578 1899 fuit,
604 1824 639 1886 ct
670 1821 869 1908 quamplura
902 1821 1040 1888 recorda
1073 1825 1109 1887 et
1144 1840 1314 1909 processus
1338 1819 1375 1886 in
1409 1819 1512 1886 Curis

462 1929 481 1959 “
503 1921 653 2010 predicti
668 1923 774 2010 putris
788 1923 894 1990 nostri
909 1929 944 1990 et
958 1929 1081 2002 nostra,
1097 1927 1167 1988 tarn
1183 1945 1293 1989 coram
1307 1922 1332 1988 J
1332 1921 1510 1988 mticisriis

462 2032 480 2064 ‘¹
503 2025 649 2111 ejusdem
675 2026 780 2112 petris
810 2025 917 2092 nostri
938 2047 1039 2112 quem
1071 2024 1193 2092 nostris
1228 2026 1269 2092 de
1294 2025 1405 2091 Bcnco
1427 2048 1511 2113 prae-

464 2137 482 2166 “
505 2129 604 2209 dicto,
627 2128 786 2214 hactenus
815 2129 918 2214 juxte
942 2129 1082 2194 formam
1113 2127 1309 2196 mutationis
1332 2131 1367 2194 et
1388 2149 1511 2195 correc-

463 2231 607 2296 “tionis
637 2231 728 2297 illius
751 2231 893 2298 deducte
926 2231 1133 2312 extitertmt;
1168 2231 1255 2298 sicut
1285 2253 1346 2318 per
1378 2231 1512 2298 recorda

464 2341 481 2370 “
503 2356 612 2400 coram
635 2333 758 2400 eisdem
782 2331 984 2403 Justicieriis
1008 2333 1132 2415 habits,
1156 2339 1191 2400 et
1224 2334 1320 2400 nobis
1345 2356 1404 2422 per
1428 2356 1511 2421 prse-

463 2442 481 2475 “
504 2436 590 2502 fatos
606 2435 862 2503 Thesaurcrium
882 2440 918 2503 et
945 2436 1149 2504 Camerarios
1163 2440 1303 2517 nostros,
1320 2438 1363 2502 ad
1377 2438 1512 2503 munds-

464 2547 481 2575 “
504 2543 576 2604 tum
586 2543 747 2617 nostrum,
758 2561 831 2605 curn
841 2539 1042 2626 transcripto
1052 2539 1212 2626 praedicto
1223 2541 1331 2621 misse,
1343 2539 1514 2606 evidenter

464 2649 482 2676 “
504 2645 662 2727 apparet,
686 2663 769 2728 quae,
785 2643 813 2706 si
836 2641 1008 2708 Articulus
1021 2642 1209 2730 praediotus,
1224 2643 1271 2708 sic
1293 2647 1455 2708 correctus
1478 2647 1513 2708 et

463 2750 482 2781 “
504 2747 661 2822 mutatus,
685 2745 722 2808 in
744 2744 984 2812 revolutionem
1008 2746 1188 2824 deveniret,
1204 2746 1393 2812 indubium
1416 2769 1514 2833 pone-

463 2852 483 2882 “
504 2845 745 2924 rentur-Nos,
760 2846 912 2913 nolentes
927 2869 966 2913 ea
989 2869 1064 2933 quse
1086 2848 1194 2914 dictus
1216 2853 1312 2934 pater
1333 2853 1455 2928 noster,
1472 2850 1513 2915 de

464 2955 483 2986 “
505 2948 642 3015 oonsilio
674 2970 741 3028 suo,
769 2971 829 3036 pro
852 2950 1005 3016 utilitate
1038 2949 1153 3038 populi
1181 2951 1232 3015 sui
1267 2950 1446 3029 ordinavit,
1478 2957 1513 3017 et

463 3057 483 3088 “
501 3051 638 3137 judicia,
656 3049 760 3138 juxte
782 3053 1017 3119 correctionem
1033 3057 1067 3118 et
1082 3054 1304 3120 mutationem
1327 3055 1512 3141 praedictas,

464 3161 482 3189 “
504 3154 541 3218 in
557 3153 658 3220 Curis
672 3175 733 3220 suc
754 3155 894 3235 reddite,
910 3155 1045 3236 irritari,
1063 3155 1120 3221 sed
1142 3155 1254 3242 potius
1280 3177 1327 3236 ec,
1352 3159 1514 3243 quatenus

463 3256 568 3322 “rite
600 3257 687 3324 fectu
714 3258 857 3338 fuerunt,
890 3259 1086 3337 conservari,
1112 3259 1348 3345 transcriptum
1370 3260 1515 3326 Articuli

464 3366 482 3395 “
502 3359 662 3446 praedicti,
695 3361 741 3427 sic
786 3362 923 3427 correcti
961 3365 997 3426 et
1034 3361 1167 3441 mutati,
1208 3361 1304 3428 vobis
1340 3363 1512 3441 mittimus,

465 3461 613 3550 “sigillo
643 3467 758 3529 nostro
800 3464 968 3550 signatum
980 3487 989 3545 3
1033 3464 1231 3529 mandentes
1264 3463 1353 3550 quod
1383 3465 1516 3530 recorda

464 3570 482 3598 “
504 3563 667 3630 dictorum
696 3564 833 3650 Majoris
856 3569 890 3631 et
912 3564 1118 3631 Bs-llivorum
1140 3565 1181 3630 de
1203 3565 1394 3652 hujusmodi
1414 3566 1517 3632 forin-

465 3675 483 3701 “
504 3667 593 3746 secis,
619 3668 662 3732 sd
692 3673 882 3734 warantum
913 3668 950 3732 in
982 3666 1086 3733 Curis
1118 3672 1233 3735 nostre
1264 3669 1412 3734 civitatis
1433 3692 1516 3757 prce·

463 3776 483 3804 “
505 3769 604 3836 dictes
649 3770 784 3849 vocetis,
824 3769 1003 3856 recipietis,
1043 3773 1078 3836 et
1116 3768 1305 3856 hujusmodi
1342 3771 1517 3838 forinsecos

465 3880 482 3908 “
505 3893 613 3938 corsm
633 3873 731 3938 vobis
753 3873 947 3939 summoniri
969 3871 1108 3952 facistis,
1124 3877 1159 3940 et
1180 3873 1303 3960 placito
1324 3873 1366 3939 de
1389 3897 1516 3940 waren-

465 3975 562 4040 “tiis
591 3975 757 4056 teneatis3
789 3978 824 4040 et
848 3975 961 4040 omnio
994 3974 1060 4040 elic
1089 3980 1124 4040 et
1154 3976 1286 4064 singula
1306 3977 1343 4042 in
1364 3975 1517 4044 Articulo

465 4085 483 4112 “
505 4077 563 4142 illo
578 4082 735 4144 contente
749 4077 960 4164 exeqncmini
975 4081 1010 4142 et
1019 4077 1157 4156 facistis,
1169 4077 1272 4163 juxte
1285 4080 1516 4146 correctionem

466 4184 541 4245 “et
573 4180 794 4246 mutationem
832 4179 1002 4266 ejusdem3
1049 4201 1087 4245 eo
1126 4201 1194 4245 non
1232 4180 1393 4260 obstante,
1429 4182 1517 4267 quod

466 4290 484 4318 ‘¹
506 4282 678 4348 Articulus
694 4281 873 4370 praedictus
895 4303 970 4347 cum
985 4281 1124 4348 Stctuto
1138 4281 1297 4368 praedicto
1312 4283 1349 4348 in
1365 4285 1517 4350 omnibus

467 4393 484 4420 “
507 4405 575 4450 non
590 4385 775 4452 concordet.
808 4383 906 4450 Teste
920 4383 1053 4472 meipso,
1069 4384 1158 4470 opud
1174 4384 1515 4466 westmonasterium,

466 4493 487 4523 “
509 4487 654 4554 secundo
677 4487 732 4553 die
760 4486 851 4566 Maii,
876 4508 964 4551 anno
986 4487 1083 4573 regni
1105 4486 1214 4552 nostri
1235 4487 1353 4553 non0.”

511 4589 556 4654 Et
576 4589 754 4669 Articulus,
771 4591 807 4655 in
831 4589 936 4654 forms
959 4588 1082 4654 litterae
1105 4588 1259 4675 petentis,
1284 4589 1402 4676 Sigillo
1418 4590 1518 4678 Regis

464 4691 616 4778 signatus
631 4697 664 4758 et
679 4691 876 4778 duplicatus,
892 4691 929 4759 in
943 4691 1013 4760 haec
1027 4690 1129 4758 verbe
1142 4699 1218 4758 :—“
1229 4691 1422 4772 Edwardus,
1439 4694 1518 4766 etc.’'
