3648 5816
500 835 543 906 70
834 853 937 906 meme
959 854 1204 908 oueruumuu
1351 841 1409 930 [21
1430 861 1514 910 uuw
1535 861 1554 908 1

334 1055 482 1161 33:333
507 1038 651 1124 usueye
668 1039 851 1108 Bertrauuo
874 1041 1024 1122 Brakele,
1048 1042 1198 1110 Amuldo
1213 1043 1414 1122 Waeeemod,
1432 1045 1554 1116 Godee-

507 1141 595 1210 oalco
617 1141 659 1208 de
690 1143 899 1226 Hudcndale,
936 1145 1128 1232 Hanekyno
1157 1147 1198 1212 de
1231 1147 1421 1228 Londoniie‚
1445 1147 1552 1234 Tyde-

504 1267 626 1314 manno
648 1245 689 1311 de
712 1247 819 1324 Hane,
853 1247 1085 1316 Hildebrando
1109 1250 1149 1316 de
1171 1249 1284 1318 Novia
1308 1250 1418 1328 Curia,
1441 1249 1553 1336 Tydy-

503 1369 625 1414 manno
640 1348 681 1414 do
696 1347 801 1429 Rene,
816 1350 976 1430 octenni,
992 1352 1106 1420 dieto‘
1118 1352 1150 1417 lo
1165 1351 1315 1434 Swarte‚’
1331 1351 1553 1440 Tydymenno

503 1451 535 1516 le
557 1450 695 1534 Swarte,
729 1475 771 1518 ue
803 1453 844 1519 de
867 1457 986 1521 eaetero
1008 1460 1076 1536 ete,
1111 1455 1164 1543 (ut
1195 1456 1319 1544 supra),
1344 1461 1379 1524 et
1406 1455 1555 1524 habeant

503 1554 600 1636 diem,
619 1561 678 1622 eto.

905 1733 1154 1744 ——--———-—n

501 1857 702 1949 Recoyeitio
716 1859 1170 2020 Marmoreae-hminem
1185 1861 1277 1950 quod
1301 1882 1374 1932 uoce.
1398 1861 1551 1932 uacum

940 1975 991 2018 ce
1062 1974 1124 2020 em.

547 2145 611 2210 Die
627 2143 767 2210 Sabbati
783 2144 933 2231 proxima
955 2147 1031 2230 post
1053 2141 1174 2208 festum
1191 2141 1288 2207 Beati
1304 2142 1436 2210 Thomae
1460 2144 1549 2209 Mar·

409 2165 595 2399 g{ieetyria
620 2270 707 2314 anno
739 2248 834 2334 regni
858 2247 958 2333 Regis
991 2245 1158 2327 Edwardi,
1181 2245 1242 2309 filii
1267 2245 1366 2332 Regis
1402 2247 1547 2326 Henfjci,
1583 2281 1585 2288 .

499 2352 574 2416 xxi⁰
575 2350 815 2437 ,Reymondus
837 2349 878 2417 de
895 2349 1011 2427 Solem,
1030 2349 1132 2436 Hugo
1156 2349 1197 2414 de
1213 2347 1357 2436 Englias,
1373 2349 1396 2414 J
1398 2350 1545 2417 ohannes

419 2367 531 2520 oele
553 2453 689 2534 Blaune,
707 2453 826 2519 Petrus
842 2453 989 2531 Andreu,
1005 2458 1039 2518 et
1054 2453 1173 2518 Petrus
1189 2451 1329 2530 Franke,
1354 2459 1549 2520 mercatores

329 2419 439 2604 Μ’Ξῖ
448 2621 462 2654 0
500 2557 691 2636 Provinciae,
708 2580 767 2644 pro
793 2555 857 2643 [ee]
883 2561 917 2623 et
933 2557 1028 2623 sociis
1051 2556 1128 2638 suis,
1145 2557 1381 2622 mercatoribus
1403 2557 1549 2643 ejusdem

347 2657 355 2700 ¹
374 2689 388 2754 ι·
415 2739 422 2756 .
446 2743 452 2756 1
499 2659 691 2737 Provincia,
704 2664 871 2728 venerunt
886 2682 994 2730 eoram
1011 2659 1157 2726 Custode
1172 2665 1206 2726 et
1222 2659 1455 2726 Aldermannie
1471 2661 1550 2726 eivi-

496 2762 579 2830 tatie
595 2763 841 2836 Londoniurum
856 2787 864 2844 ;
887 2770 921 2830 et
936 2765 1067 2850 quaesiti
1083 2787 1150 2851 qua
1164 2764 1320 2830 libertate
1336 2763 1481 2829 clamant
1497 2764 1549 2829 uti

495 2865 533 2932 in
556 2865 671 2934 eedem
694 2867 843 2946 oivitete,
866 2869 905 2931 ut
928 2866 965 2930 in
988 2867 1086 2934 robur
1117 2871 1151 2934 et
1173 2866 1388 2933 mercandisie
1411 2867 1488 2947 suis,
1513 2871 1548 2932 ct

494 2969 523 3036 ei
546 2968 627 3056 quid
649 2969 795 3038 habeant
809 2985 829 3036 e
845 2968 988 3037 Domino
1005 2969 1094 3056 Rege
1109 2971 1248 3058 Angliae,
1265 2970 1408 3056 qualiter
1426 2970 1547 3039 morari

494 3078 530 3138 et
545 3073 726 3140 custumari
742 3072 871 3150 debent,
884 3075 944 3138 ete.
985 3071 1048 3152 Qui
1065 3073 1213 3151 veniunt,
1231 3079 1267 3139 et
1282 3095 1341 3160 pro
1356 3096 1391 3140 ee
1401 3077 1436 3139 et
1451 3073 1547 3140 eoeiie

495 3177 570 3256 suia
583 3175 819 3244 mercatoribus
835 3175 1028 3255 Provinciae,
1041 3177 1248 3262 respondent,
1266 3181 1300 3242 et
1316 3177 1439 3256 dicunt,
1458 3177 1546 3264 quod

494 3281 579 3348 nihil
593 3281 719 3350 habent
734 3302 755 3350 a
770 3279 914 3346 Domino
937 3277 1028 3366 Rege
1050 3277 1195 3366 Angliee,
1219 3302 1281 3346 neo
1303 3285 1545 3346 antecessorum

493 3405 634 3463 suorum,
657 3384 698 3450 do
724 3405 816 3448 mora
841 3403 901 3448 eua
925 3404 987 3450 neo
1009 3383 1167 3450 custumis
1194 3383 1262 3448 euie
1284 3383 1450 3462 iaciendis,
1474 3388 1545 3465 ete,

491 3509 552 3554 nee
566 3487 711 3556 clamant
732 3484 951 3553 mercandieee
973 3507 1049 3552 suae
1074 3486 1202 3571 aliquae
1225 3485 1355 3552 civitati
1379 3487 1545 3573 praedicta

492 3590 610 3658 ducere
656 3611 714 3656 eeu
757 3588 888 3668 cariore,
915 3609 1022 3675 neque
1061 3610 1121 3674 per
1165 3593 1290 3654 terram
1329 3611 1437 3676 neque
1486 3613 1545 3676 per

492 3717 621 3781 equam,
657 3692 724 3760 niei
754 3715 813 3780 per
836 3696 960 3758 certam
999 3695 1182 3756 ouetumam
1220 3692 1300 3757 inde
1322 3691 1468 3758 debitam
1509 3696 1543 3757 et

491 3799 650 3864 haetenus
664 3795 826 3864 usitatam
839 3821 848 3876 3
864 3796 968 3863 etheo
982 3816 1040 3880 per
1055 3799 1239 3860 euetumam
1251 3816 1345 3862 suam
1360 3793 1542 3860 faciendam

489 3900 748 3971 Vioeoomitibue
785 3899 930 3966 civitatis
960 3897 1136 3984 praedicta),
1168 3919 1229 3985 pro
1251 3898 1471 3965 mercimoniis
1508 3903 1543 3964 et

489 4004 700 4073 mercandieie
727 4001 803 4084 urie,
827 4006 898 4068 tem
921 4001 958 4066 in
984 4000 1127 4068 introitu
1156 4023 1256 4088 quam
1293 4002 1329 4067 in
1351 4003 1447 4069 exitu
1470 4005 1540 4082 eto„

489 4112 575 4180 sicut
586 4110 645 4178 elii
660 4107 810 4175 extranei
822 4129 830 4186 ;
846 4110 879 4172 et
893 4126 961 4172 non
976 4107 1019 4170 ad
1033 4105 1245 4172 vendendum
1260 4105 1540 4184 infracturum,

491 4217 557 4283 niei
572 4210 803 4280 tantummodo
829 4209 943 4274 liberie
957 4207 1148 4274 hominibus
1164 4209 1311 4295 ejusdem
1330 4208 1485 4288 civitatis,
1507 4197 1544 4275 et

489 4342 559 4387 non
580 4316 746 4384 extraneis
770 4313 1007 4380 mercatoribus
1032 4312 1076 4378 ad
1098 4312 1353 4392 revendeudum‚
1376 4335 1483 4400 neque
1505 4313 1542 4378 in

488 4445 601 4512 grosso
615 4442 722 4508 neque
737 4440 796 4506 per
810 4417 989 4498 detelliam,
1001 4426 1059 4483 ete.
1099 4415 1208 4502 Salvo,
1226 4417 1315 4503 quod
1329 4417 1541 4505 magnatibus

486 4533 585 4595 terrae
599 4527 635 4591 in
649 4545 761 4612 grosso
776 4526 916 4610 possunt
929 4520 1072 4590 vendere
1095 4521 1309 4589 mercimonia
1333 4543 1400 4602 sua,
1422 4527 1456 4588 et
1478 4521 1540 4588 hoc

486 4631 783 4716 mwmm

885 4807 1137 4842 m
