<?xml version="1.0" encoding="UTF-8"?>
<!DOCTYPE html PUBLIC "-//W3C//DTD XHTML 1.0 Transitional//EN"
    "http://www.w3.org/TR/xhtml1/DTD/xhtml1-transitional.dtd">
<html xmlns="http://www.w3.org/1999/xhtml" xml:lang="en" lang="en">
 <head>
  <title>
</title>
<meta http-equiv="Content-Type" content="text/html;charset=utf-8" />
  <meta name='ocr-system' content='tesseract 3.04.00' />
  <meta name='ocr-capabilities' content='ocr_page ocr_carea ocr_par ocr_line ocrx_word'/>
</head>
<body>
  <div class='ocr_page' id='page_1' title='image "./munimentagildha05librgoog_0522.png"; bbox 0 0 3462 5836; ppageno 0'>
   <div class='ocr_carea' id='block_1_1' title="bbox 439 857 1498 946">
    <p class='ocr_par' dir='ltr' id='par_1_1' title="bbox 439 857 1498 946">
     <span class='ocr_line' id='line_1_1' title="bbox 439 857 1498 946; baseline 0.006 -26"><span class='ocrx_word' id='word_1_1' title='bbox 439 857 505 923; x_wconf 78' lang='lat'>362</span> <span class='ocrx_word' id='word_1_2' title='bbox 777 873 881 922; x_wconf 79' lang='lat' dir='ltr'>mem</span> <span class='ocrx_word' id='word_1_3' title='bbox 902 871 1144 924; x_wconf 73' lang='lat' dir='ltr'>ereremum</span> <span class='ocrx_word' id='word_1_4' title='bbox 1280 858 1435 946; x_wconf 70' lang='lat' dir='ltr'>[ltnnw.</span> <span class='ocrx_word' id='word_1_5' title='bbox 1452 877 1498 926; x_wconf 90' lang='lat'>11.</span> 
     </span>
    </p>
   </div>
   <div class='ocr_carea' id='block_1_2' title="bbox 313 1058 1498 3932">
    <p class='ocr_par' dir='ltr' id='par_1_2' title="bbox 437 1058 1498 1250">
     <span class='ocr_line' id='line_1_2' title="bbox 438 1058 1498 1148; baseline 0.004 -24"><span class='ocrx_word' id='word_1_6' title='bbox 438 1058 613 1136; x_wconf 73' lang='lat' dir='ltr'><strong>occasione,</strong></span> <span class='ocrx_word' id='word_1_7' title='bbox 637 1080 695 1146; x_wconf 88' lang='lat' dir='ltr'>per</span> <span class='ocrx_word' id='word_1_8' title='bbox 718 1081 946 1147; x_wconf 77' lang='lat' dir='ltr'>quemcunque</span> <span class='ocrx_word' id='word_1_9' title='bbox 968 1061 1114 1128; x_wconf 88' lang='lat' dir='ltr'>venditis</span> <span class='ocrx_word' id='word_1_10' title='bbox 1138 1061 1225 1126; x_wconf 79' lang='lat' dir='ltr'>infre</span> <span class='ocrx_word' id='word_1_11' title='bbox 1247 1083 1296 1128; x_wconf 78' lang='lat' dir='ltr'>xv</span> <span class='ocrx_word' id='word_1_12' title='bbox 1319 1062 1389 1127; x_wconf 90' lang='lat' dir='ltr'>dies</span> <span class='ocrx_word' id='word_1_13' title='bbox 1414 1065 1498 1148; x_wconf 82' lang='lat' dir='ltr'>post</span> 
     </span>
     <span class='ocr_line' id='line_1_3' title="bbox 437 1163 1248 1250; baseline 0 -20"><span class='ocrx_word' id='word_1_14' title='bbox 437 1163 621 1249; x_wconf 78' lang='lat' dir='ltr'>ceptionem</span> <span class='ocrx_word' id='word_1_15' title='bbox 652 1168 728 1249; x_wconf 90' lang='lat' dir='ltr'>post</span> <span class='ocrx_word' id='word_1_16' title='bbox 757 1164 952 1250; x_wconf 83' lang='lat' dir='ltr'>praedictum</span> <span class='ocrx_word' id='word_1_17' title='bbox 979 1163 1248 1230; x_wconf 85' lang='lat' dir='ltr'>Parlismentum</span> 
     </span>
    </p>

    <p class='ocr_par' dir='ltr' id='par_1_3' title="bbox 434 1265 1495 2074">
     <span class='ocr_line' id='line_1_4' title="bbox 482 1265 1495 1354; baseline -0.001 -22"><span class='ocrx_word' id='word_1_18' title='bbox 482 1267 534 1332; x_wconf 88' lang='lat' dir='ltr'>Dc</span> <span class='ocrx_word' id='word_1_19' title='bbox 556 1265 820 1332; x_wconf 69' lang='lat' dir='ltr'>districtionibus</span> <span class='ocrx_word' id='word_1_20' title='bbox 848 1267 944 1332; x_wconf 78' lang='lat' dir='ltr'>sectis</span> <span class='ocrx_word' id='word_1_21' title='bbox 975 1273 1151 1354; x_wconf 83' lang='lat' dir='ltr'>postquam</span> <span class='ocrx_word' id='word_1_22' title='bbox 1179 1268 1251 1334; x_wconf 87' lang='lat' dir='ltr'>Rex</span> <span class='ocrx_word' id='word_1_23' title='bbox 1274 1268 1423 1334; x_wconf 73' lang='lat' dir='ltr'>inhibuit</span> <span class='ocrx_word' id='word_1_24' title='bbox 1452 1267 1495 1332; x_wconf 88' lang='lat' dir='ltr'>in</span> 
     </span>
     <span class='ocr_line' id='line_1_5' title="bbox 436 1368 1494 1458; baseline 0.001 -24"><span class='ocrx_word' id='word_1_25' title='bbox 436 1369 550 1435; x_wconf 91' lang='lat' dir='ltr'>eodem</span> <span class='ocrx_word' id='word_1_26' title='bbox 579 1368 810 1449; x_wconf 78' lang='lat' dir='ltr'>PerliamentO,</span> <span class='ocrx_word' id='word_1_27' title='bbox 840 1393 898 1457; x_wconf 86' lang='lat' dir='ltr'>per</span> <span class='ocrx_word' id='word_1_28' title='bbox 924 1370 1082 1436; x_wconf 73' lang='lat' dir='ltr'>animalia</span> <span class='ocrx_word' id='word_1_29' title='bbox 1103 1371 1146 1436; x_wconf 85' lang='lat' dir='ltr'>ad</span> <span class='ocrx_word' id='word_1_30' title='bbox 1175 1373 1389 1458; x_wconf 82' lang='lat' dir='ltr'>waynaginm</span> <span class='ocrx_word' id='word_1_31' title='bbox 1423 1377 1494 1436; x_wconf 86' lang='lat' dir='ltr'>ter·</span> 
     </span>
     <span class='ocr_line' id='line_1_6' title="bbox 435 1471 1493 1560; baseline 0.002 -24"><span class='ocrx_word' id='word_1_32' title='bbox 435 1493 548 1537; x_wconf 78' lang='lat' dir='ltr'>rerum</span> <span class='ocrx_word' id='word_1_33' title='bbox 575 1471 742 1558; x_wconf 86' lang='lat' dir='ltr'>deputate,</span> <span class='ocrx_word' id='word_1_34' title='bbox 758 1471 812 1538; x_wconf 87' lang='lat' dir='ltr'>vel</span> <span class='ocrx_word' id='word_1_35' title='bbox 828 1472 928 1538; x_wconf 82' lang='lat' dir='ltr'>etism</span> <span class='ocrx_word' id='word_1_36' title='bbox 954 1472 1115 1552; x_wconf 78' lang='lat' dir='ltr'>bidentes,</span> <span class='ocrx_word' id='word_1_37' title='bbox 1132 1495 1190 1560; x_wconf 89' lang='lat' dir='ltr'>pro</span> <span class='ocrx_word' id='word_1_38' title='bbox 1216 1473 1328 1538; x_wconf 89' lang='lat' dir='ltr'>debito</span> <span class='ocrx_word' id='word_1_39' title='bbox 1351 1472 1493 1538; x_wconf 89' lang='lat' dir='ltr'>Domini</span> 
     </span>
     <span class='ocr_line' id='line_1_7' title="bbox 437 1574 1490 1662; baseline 0 -22"><span class='ocrx_word' id='word_1_40' title='bbox 437 1575 537 1662; x_wconf 85' lang='lat' dir='ltr'>Regis</span> <span class='ocrx_word' id='word_1_41' title='bbox 562 1574 617 1640; x_wconf 87' lang='lat' dir='ltr'>vel</span> <span class='ocrx_word' id='word_1_42' title='bbox 642 1575 793 1657; x_wconf 74' lang='lat' dir='ltr'>eliorum,</span> <span class='ocrx_word' id='word_1_43' title='bbox 821 1574 969 1642; x_wconf 80' lang='lat' dir='ltr'>velulis</span> <span class='ocrx_word' id='word_1_44' title='bbox 995 1577 1170 1655; x_wconf 88' lang='lat' dir='ltr'>occasione,</span> <span class='ocrx_word' id='word_1_45' title='bbox 1198 1576 1253 1642; x_wconf 89' lang='lat' dir='ltr'>vel</span> <span class='ocrx_word' id='word_1_46' title='bbox 1285 1599 1343 1662; x_wconf 88' lang='lat' dir='ltr'>per</span> <span class='ocrx_word' id='word_1_47' title='bbox 1374 1597 1490 1660; x_wconf 88' lang='lat' dir='ltr'>quem-</span> 
     </span>
     <span class='ocr_line' id='line_1_8' title="bbox 435 1678 1489 1762; baseline 0.001 -20"><span class='ocrx_word' id='word_1_48' title='bbox 435 1699 572 1762; x_wconf 81' lang='lat' dir='ltr'>cunque,</span> <span class='ocrx_word' id='word_1_49' title='bbox 608 1699 682 1743; x_wconf 87' lang='lat' dir='ltr'>cum</span> <span class='ocrx_word' id='word_1_50' title='bbox 714 1679 781 1744; x_wconf 80' lang='lat' dir='ltr'>alie</span> <span class='ocrx_word' id='word_1_51' title='bbox 813 1678 977 1744; x_wconf 89' lang='lat' dir='ltr'>sufficiens</span> <span class='ocrx_word' id='word_1_52' title='bbox 1003 1679 1165 1745; x_wconf 84' lang='lat' dir='ltr'>districtio</span> <span class='ocrx_word' id='word_1_53' title='bbox 1201 1679 1304 1744; x_wconf 75' lang='lat' dir='ltr'>filerit</span> <span class='ocrx_word' id='word_1_54' title='bbox 1338 1679 1489 1743; x_wconf 78' lang='lat' dir='ltr'>invente.</span> 
     </span>
     <span class='ocr_line' id='line_1_9' title="bbox 436 1781 1490 1868; baseline 0 -23"><span class='ocrx_word' id='word_1_55' title='bbox 436 1781 482 1846; x_wconf 86' lang='lat' dir='ltr'>Et</span> <span class='ocrx_word' id='word_1_56' title='bbox 515 1781 677 1860; x_wconf 84' lang='lat' dir='ltr'>similiter,</span> <span class='ocrx_word' id='word_1_57' title='bbox 707 1781 749 1846; x_wconf 91' lang='lat' dir='ltr'>de</span> <span class='ocrx_word' id='word_1_58' title='bbox 779 1781 952 1868; x_wconf 85' lang='lat' dir='ltr'>superfluis</span> <span class='ocrx_word' id='word_1_59' title='bbox 992 1781 1254 1848; x_wconf 72' lang='lat' dir='ltr'>districtionibus</span> <span class='ocrx_word' id='word_1_60' title='bbox 1288 1781 1383 1846; x_wconf 69' lang='lat' dir='ltr'>notis</span> <span class='ocrx_word' id='word_1_61' title='bbox 1415 1787 1490 1846; x_wconf 82' lang='lat' dir='ltr'>tem</span> 
     </span>
     <span class='ocr_line' id='line_1_10' title="bbox 434 1882 1491 1970; baseline 0.002 -22"><span class='ocrx_word' id='word_1_62' title='bbox 434 1888 509 1970; x_wconf 90' lang='lat' dir='ltr'>post</span> <span class='ocrx_word' id='word_1_63' title='bbox 531 1882 618 1948; x_wconf 92' lang='lat' dir='ltr'>idem</span> <span class='ocrx_word' id='word_1_64' title='bbox 642 1883 901 1949; x_wconf 84' lang='lat' dir='ltr'>Parliementum</span> <span class='ocrx_word' id='word_1_65' title='bbox 931 1906 1031 1970; x_wconf 88' lang='lat' dir='ltr'>quam</span> <span class='ocrx_word' id='word_1_66' title='bbox 1062 1889 1147 1950; x_wconf 81' lang='lat' dir='ltr'>ente.</span> <span class='ocrx_word' id='word_1_67' title='bbox 1195 1885 1240 1950; x_wconf 88' lang='lat' dir='ltr'>Et</span> <span class='ocrx_word' id='word_1_68' title='bbox 1262 1885 1398 1950; x_wconf 80' lang='lat' dir='ltr'>nomine</span> <span class='ocrx_word' id='word_1_69' title='bbox 1413 1905 1491 1969; x_wconf 79' lang='lat' dir='ltr'>quae</span> 
     </span>
     <span class='ocr_line' id='line_1_11' title="bbox 436 1986 1489 2074; baseline -0.001 -23"><span class='ocrx_word' id='word_1_70' title='bbox 436 1987 624 2073; x_wconf 80' lang='lat' dir='ltr'>infringunt</span> <span class='ocrx_word' id='word_1_71' title='bbox 661 1988 751 2052; x_wconf 87' lang='lat' dir='ltr'>dicta</span> <span class='ocrx_word' id='word_1_72' title='bbox 778 1986 917 2053; x_wconf 84' lang='lat' dir='ltr'>Stctuta</span> <span class='ocrx_word' id='word_1_73' title='bbox 942 1987 1100 2053; x_wconf 83' lang='lat' dir='ltr'>distincte</span> <span class='ocrx_word' id='word_1_74' title='bbox 1124 1991 1159 2052; x_wconf 88' lang='lat' dir='ltr'>et</span> <span class='ocrx_word' id='word_1_75' title='bbox 1181 1993 1294 2074; x_wconf 78' lang='lat' dir='ltr'>aperte</span> <span class='ocrx_word' id='word_1_76' title='bbox 1317 1987 1489 2072; x_wconf 87' lang='lat' dir='ltr'>inquiran-</span> 
     </span>
    </p>

    <p class='ocr_par' dir='ltr' id='par_1_4' title="bbox 313 2087 1492 2776">
     <span class='ocr_line' id='line_1_12' title="bbox 313 2087 1492 2177; baseline 0.004 -28"><span class='ocrx_word' id='word_1_77' title='bbox 313 2109 340 2150; x_wconf 80' lang='lat'>.2</span> <span class='ocrx_word' id='word_1_78' title='bbox 396 2137 402 2152; x_wconf 90' lang='lat'><em>.</em></span> <span class='ocrx_word' id='word_1_79' title='bbox 435 2095 512 2170; x_wconf 90' lang='lat' dir='ltr'>tur;</span> <span class='ocrx_word' id='word_1_80' title='bbox 549 2089 597 2154; x_wconf 86' lang='lat' dir='ltr'>ita</span> <span class='ocrx_word' id='word_1_81' title='bbox 620 2089 709 2176; x_wconf 90' lang='lat' dir='ltr'>quod</span> <span class='ocrx_word' id='word_1_82' title='bbox 738 2089 876 2155; x_wconf 90' lang='lat' dir='ltr'>cuilibet</span> <span class='ocrx_word' id='word_1_83' title='bbox 902 2090 1119 2177; x_wconf 88' lang='lat' dir='ltr'>conquerenti</span> <span class='ocrx_word' id='word_1_84' title='bbox 1141 2091 1202 2156; x_wconf 83' lang='lat' dir='ltr'>fiat</span> <span class='ocrx_word' id='word_1_85' title='bbox 1228 2087 1374 2174; x_wconf 71' lang='lat' dir='ltr'>justitia</span> <span class='ocrx_word' id='word_1_86' title='bbox 1441 2088 1492 2154; x_wconf 82' lang='lat' dir='ltr'>Et</span> 
     </span>
     <span class='ocr_line' id='line_1_13' title="bbox 435 2192 1491 2280; baseline -0.002 -21"><span class='ocrx_word' id='word_1_87' title='bbox 435 2192 524 2280; x_wconf 92' lang='lat' dir='ltr'>quod</span> <span class='ocrx_word' id='word_1_88' title='bbox 545 2215 660 2280; x_wconf 82' lang='lat' dir='ltr'>pcenae,</span> <span class='ocrx_word' id='word_1_89' title='bbox 684 2194 720 2256; x_wconf 90' lang='lat' dir='ltr'>in</span> <span class='ocrx_word' id='word_1_90' title='bbox 743 2193 867 2259; x_wconf 88' lang='lat' dir='ltr'>eisdem</span> <span class='ocrx_word' id='word_1_91' title='bbox 889 2193 1036 2260; x_wconf 85' lang='lat' dir='ltr'>Statutis</span> <span class='ocrx_word' id='word_1_92' title='bbox 1057 2197 1231 2272; x_wconf 65' lang='lat' dir='ltr'>contentae,</span> <span class='ocrx_word' id='word_1_93' title='bbox 1256 2192 1491 2278; x_wconf 80' lang='lat' dir='ltr'>adjudicandae</span> 
     </span>
     <span class='ocr_line' id='line_1_14' title="bbox 435 2295 1491 2382; baseline 0 -20"><span class='ocrx_word' id='word_1_94' title='bbox 435 2303 515 2362; x_wconf 91' lang='lat' dir='ltr'>sunt</span> <span class='ocrx_word' id='word_1_95' title='bbox 539 2296 579 2362; x_wconf 91' lang='lat' dir='ltr'>de</span> <span class='ocrx_word' id='word_1_96' title='bbox 602 2296 782 2362; x_wconf 86' lang='lat' dir='ltr'>commissis</span> <span class='ocrx_word' id='word_1_97' title='bbox 811 2301 888 2382; x_wconf 82' lang='lat' dir='ltr'>post</span> <span class='ocrx_word' id='word_1_98' title='bbox 916 2296 1038 2362; x_wconf 85' lang='lat' dir='ltr'>festum</span> <span class='ocrx_word' id='word_1_99' title='bbox 1062 2295 1177 2362; x_wconf 78' lang='lat' dir='ltr'>Sancti</span> <span class='ocrx_word' id='word_1_100' title='bbox 1201 2295 1383 2374; x_wconf 73' lang='lat' dir='ltr'>Michaelis,</span> <span class='ocrx_word' id='word_1_101' title='bbox 1397 2317 1491 2362; x_wconf 83' lang='lat' dir='ltr'>anno</span> 
     </span>
     <span class='ocr_line' id='line_1_15' title="bbox 434 2399 1491 2487; baseline -0.002 -22"><span class='ocrx_word' id='word_1_102' title='bbox 434 2401 529 2487; x_wconf 85' lang='lat' dir='ltr'>regni</span> <span class='ocrx_word' id='word_1_103' title='bbox 561 2399 662 2487; x_wconf 80' lang='lat' dir='ltr'>Regis</span> <span class='ocrx_word' id='word_1_104' title='bbox 696 2399 854 2464; x_wconf 79' lang='lat' dir='ltr'>Edwardi</span> <span class='ocrx_word' id='word_1_105' title='bbox 876 2399 936 2479; x_wconf 84' lang='lat' dir='ltr'>iii⁰,</span> <span class='ocrx_word' id='word_1_106' title='bbox 970 2409 1004 2465; x_wconf 88' lang='lat' dir='ltr'>et</span> <span class='ocrx_word' id='word_1_107' title='bbox 1038 2421 1106 2464; x_wconf 93' lang='lat' dir='ltr'>non</span> <span class='ocrx_word' id='word_1_108' title='bbox 1140 2405 1226 2465; x_wconf 85' lang='lat' dir='ltr'>ante.</span> <span class='ocrx_word' id='word_1_109' title='bbox 1290 2399 1415 2464; x_wconf 80' lang='lat' dir='ltr'>Tamen</span> <span class='ocrx_word' id='word_1_110' title='bbox 1445 2399 1491 2464; x_wconf 89' lang='lat' dir='ltr'>de</span> 
     </span>
     <span class='ocr_line' id='line_1_16' title="bbox 434 2501 1491 2589; baseline -0.001 -21"><span class='ocrx_word' id='word_1_111' title='bbox 434 2501 746 2588; x_wconf 78' lang='lat' dir='ltr'>transgressionibus</span> <span class='ocrx_word' id='word_1_112' title='bbox 771 2505 805 2567; x_wconf 90' lang='lat' dir='ltr'>et</span> <span class='ocrx_word' id='word_1_113' title='bbox 827 2501 1063 2568; x_wconf 83' lang='lat' dir='ltr'>offensionibus</span> <span class='ocrx_word' id='word_1_114' title='bbox 1079 2503 1194 2589; x_wconf 90' lang='lat' dir='ltr'>primis</span> <span class='ocrx_word' id='word_1_115' title='bbox 1209 2501 1314 2582; x_wconf 84' lang='lat' dir='ltr'>sectis,</span> <span class='ocrx_word' id='word_1_116' title='bbox 1331 2501 1408 2566; x_wconf 88' lang='lat' dir='ltr'>telis</span> <span class='ocrx_word' id='word_1_117' title='bbox 1430 2503 1491 2567; x_wconf 79' lang='lat' dir='ltr'>cd-</span> 
     </span>
     <span class='ocr_line' id='line_1_17' title="bbox 430 2604 1489 2693; baseline -0.001 -22"><span class='ocrx_word' id='word_1_118' title='bbox 430 2606 599 2693; x_wconf 90' lang='lat' dir='ltr'>judicetur</span> <span class='ocrx_word' id='word_1_119' title='bbox 620 2626 720 2693; x_wconf 84' lang='lat' dir='ltr'>poene</span> <span class='ocrx_word' id='word_1_120' title='bbox 743 2605 848 2690; x_wconf 87' lang='lat' dir='ltr'>quslis</span> <span class='ocrx_word' id='word_1_121' title='bbox 871 2611 949 2670; x_wconf 84' lang='lat' dir='ltr'>ente</span> <span class='ocrx_word' id='word_1_122' title='bbox 971 2605 1130 2692; x_wconf 79' lang='lat' dir='ltr'>praedicta</span> <span class='ocrx_word' id='word_1_123' title='bbox 1145 2604 1284 2671; x_wconf 84' lang='lat' dir='ltr'>Ststuta</span> <span class='ocrx_word' id='word_1_124' title='bbox 1305 2605 1489 2692; x_wconf 75' lang='lat' dir='ltr'>adjudicari</span> 
     </span>
     <span class='ocr_line' id='line_1_18' title="bbox 438 2708 1089 2776; baseline -0.003 0"><span class='ocrx_word' id='word_1_125' title='bbox 438 2710 612 2776; x_wconf 87' lang='lat' dir='ltr'>consucvit</span> <span class='ocrx_word' id='word_1_126' title='bbox 636 2709 672 2774; x_wconf 91' lang='lat' dir='ltr'>in</span> <span class='ocrx_word' id='word_1_127' title='bbox 700 2708 829 2774; x_wconf 85' lang='lat' dir='ltr'>casibus</span> <span class='ocrx_word' id='word_1_128' title='bbox 854 2709 1089 2774; x_wconf 87' lang='lat' dir='ltr'>consimilibus.</span> 
     </span>
    </p>

    <p class='ocr_par' dir='ltr' id='par_1_5' title="bbox 435 2809 1490 3084">
     <span class='ocr_line' id='line_1_19' title="bbox 480 2809 1488 2898; baseline -0.004 -20"><span class='ocrx_word' id='word_1_129' title='bbox 480 2813 531 2879; x_wconf 92' lang='lat' dir='ltr'>De</span> <span class='ocrx_word' id='word_1_130' title='bbox 554 2811 619 2878; x_wconf 90' lang='lat' dir='ltr'>hiis</span> <span class='ocrx_word' id='word_1_131' title='bbox 642 2812 700 2897; x_wconf 91' lang='lat' dir='ltr'>qui</span> <span class='ocrx_word' id='word_1_132' title='bbox 723 2811 859 2898; x_wconf 76' lang='lat' dir='ltr'>capiunt</span> <span class='ocrx_word' id='word_1_133' title='bbox 881 2811 1063 2878; x_wconf 86' lang='lat' dir='ltr'>mercedem</span> <span class='ocrx_word' id='word_1_134' title='bbox 1094 2811 1134 2876; x_wconf 90' lang='lat' dir='ltr'>de</span> <span class='ocrx_word' id='word_1_135' title='bbox 1157 2809 1325 2896; x_wconf 73' lang='lat' dir='ltr'>aliquibus</span> <span class='ocrx_word' id='word_1_136' title='bbox 1346 2831 1406 2898; x_wconf 91' lang='lat' dir='ltr'>pro</span> <span class='ocrx_word' id='word_1_137' title='bbox 1428 2809 1488 2874; x_wconf 82' lang='lat' dir='ltr'>sd-</span> 
     </span>
     <span class='ocr_line' id='line_1_20' title="bbox 435 2913 1490 2992; baseline -0.004 -10"><span class='ocrx_word' id='word_1_138' title='bbox 435 2917 566 2982; x_wconf 83' lang='lat' dir='ltr'>vocaria</span> <span class='ocrx_word' id='word_1_139' title='bbox 592 2915 754 2992; x_wconf 80' lang='lat' dir='ltr'>habenda,</span> <span class='ocrx_word' id='word_1_140' title='bbox 784 2935 858 2979; x_wconf 88' lang='lat' dir='ltr'>cum</span> <span class='ocrx_word' id='word_1_141' title='bbox 891 2935 960 2980; x_wconf 91' lang='lat' dir='ltr'>non</span> <span class='ocrx_word' id='word_1_142' title='bbox 986 2913 1056 2978; x_wconf 89' lang='lat' dir='ltr'>sint</span> <span class='ocrx_word' id='word_1_143' title='bbox 1082 2935 1194 2980; x_wconf 88' lang='lat' dir='ltr'>eorum</span> <span class='ocrx_word' id='word_1_144' title='bbox 1229 2919 1388 2992; x_wconf 79' lang='lat' dir='ltr'>tenentes,</span> <span class='ocrx_word' id='word_1_145' title='bbox 1427 2935 1490 2978; x_wconf 87' lang='lat' dir='ltr'>nec</span> 
     </span>
     <span class='ocr_line' id='line_1_21' title="bbox 435 3017 923 3084; baseline -0.006 0"><span class='ocrx_word' id='word_1_146' title='bbox 435 3020 615 3084; x_wconf 89' lang='lat' dir='ltr'>residentes</span> <span class='ocrx_word' id='word_1_147' title='bbox 637 3020 672 3083; x_wconf 92' lang='lat' dir='ltr'>in</span> <span class='ocrx_word' id='word_1_148' title='bbox 695 3017 821 3082; x_wconf 91' lang='lat' dir='ltr'>tenuris</span> <span class='ocrx_word' id='word_1_149' title='bbox 848 3017 923 3082; x_wconf 83' lang='lat' dir='ltr'>suis</span> 
     </span>
    </p>

    <p class='ocr_par' dir='ltr' id='par_1_6' title="bbox 435 3118 1488 3311">
     <span class='ocr_line' id='line_1_22' title="bbox 480 3118 1488 3205; baseline 0 -19"><span class='ocrx_word' id='word_1_150' title='bbox 480 3122 530 3188; x_wconf 91' lang='lat' dir='ltr'>De</span> <span class='ocrx_word' id='word_1_151' title='bbox 561 3122 658 3188; x_wconf 90' lang='lat' dir='ltr'>terris</span> <span class='ocrx_word' id='word_1_152' title='bbox 684 3129 718 3187; x_wconf 91' lang='lat' dir='ltr'>et</span> <span class='ocrx_word' id='word_1_153' title='bbox 740 3119 938 3185; x_wconf 86' lang='lat' dir='ltr'>tenementis</span> <span class='ocrx_word' id='word_1_154' title='bbox 962 3141 1036 3205; x_wconf 81' lang='lat' dir='ltr'>quae</span> <span class='ocrx_word' id='word_1_155' title='bbox 1059 3118 1263 3185; x_wconf 85' lang='lat' dir='ltr'>devenerunt</span> <span class='ocrx_word' id='word_1_156' title='bbox 1285 3120 1329 3186; x_wconf 84' lang='lat' dir='ltr'>ed</span> <span class='ocrx_word' id='word_1_157' title='bbox 1350 3141 1488 3186; x_wconf 76' lang='lat' dir='ltr'>manum</span> 
     </span>
     <span class='ocr_line' id='line_1_23' title="bbox 435 3222 1363 3311; baseline -0.002 -21"><span class='ocrx_word' id='word_1_158' title='bbox 435 3230 598 3291; x_wconf 83' lang='lat' dir='ltr'>mortuam</span> <span class='ocrx_word' id='word_1_159' title='bbox 625 3235 699 3311; x_wconf 87' lang='lat' dir='ltr'>post</span> <span class='ocrx_word' id='word_1_160' title='bbox 730 3223 902 3290; x_wconf 87' lang='lat' dir='ltr'>Statutum</span> <span class='ocrx_word' id='word_1_161' title='bbox 931 3222 971 3290; x_wconf 92' lang='lat' dir='ltr'>de</span> <span class='ocrx_word' id='word_1_162' title='bbox 1000 3222 1205 3288; x_wconf 84' lang='lat' dir='ltr'>Gloucestria</span> <span class='ocrx_word' id='word_1_163' title='bbox 1227 3223 1363 3290; x_wconf 87' lang='lat' dir='ltr'>editum.</span> 
     </span>
    </p>

    <p class='ocr_par' dir='ltr' id='par_1_7' title="bbox 433 3325 1490 3932">
     <span class='ocr_line' id='line_1_24' title="bbox 479 3325 1490 3414; baseline -0.003 -20"><span class='ocrx_word' id='word_1_164' title='bbox 479 3329 532 3394; x_wconf 88' lang='lat' dir='ltr'>De</span> <span class='ocrx_word' id='word_1_165' title='bbox 558 3328 727 3394; x_wconf 88' lang='lat' dir='ltr'>ministres</span> <span class='ocrx_word' id='word_1_166' title='bbox 749 3326 780 3392; x_wconf 88' lang='lat' dir='ltr'>le</span> <span class='ocrx_word' id='word_1_167' title='bbox 804 3325 867 3391; x_wconf 86' lang='lat' dir='ltr'>Rei</span> <span class='ocrx_word' id='word_1_168' title='bbox 890 3349 932 3391; x_wconf 88' lang='lat' dir='ltr'>en</span> <span class='ocrx_word' id='word_1_169' title='bbox 964 3326 1049 3392; x_wconf 82' lang='lat' dir='ltr'>citez</span> <span class='ocrx_word' id='word_1_170' title='bbox 1072 3333 1107 3391; x_wconf 90' lang='lat' dir='ltr'>et</span> <span class='ocrx_word' id='word_1_171' title='bbox 1131 3347 1173 3392; x_wconf 91' lang='lat' dir='ltr'>en</span> <span class='ocrx_word' id='word_1_172' title='bbox 1196 3325 1336 3414; x_wconf 83' lang='lat' dir='ltr'>burghz,</span> <span class='ocrx_word' id='word_1_173' title='bbox 1369 3328 1403 3412; x_wconf 93' lang='lat' dir='ltr'>qi</span> <span class='ocrx_word' id='word_1_174' title='bbox 1426 3349 1490 3414; x_wconf 86' lang='lat' dir='ltr'>par</span> 
     </span>
     <span class='ocr_line' id='line_1_25' title="bbox 433 3429 1490 3517; baseline -0.001 -21"><span class='ocrx_word' id='word_1_175' title='bbox 433 3452 551 3496; x_wconf 88' lang='lat' dir='ltr'>resonn</span> <span class='ocrx_word' id='word_1_176' title='bbox 574 3431 615 3496; x_wconf 89' lang='lat' dir='ltr'>de</span> <span class='ocrx_word' id='word_1_177' title='bbox 645 3430 719 3498; x_wconf 89' lang='lat' dir='ltr'>leur</span> <span class='ocrx_word' id='word_1_178' title='bbox 740 3429 830 3496; x_wconf 89' lang='lat' dir='ltr'>office</span> <span class='ocrx_word' id='word_1_179' title='bbox 863 3429 1009 3516; x_wconf 88' lang='lat' dir='ltr'>deyvent</span> <span class='ocrx_word' id='word_1_180' title='bbox 1032 3431 1150 3517; x_wconf 74' lang='lat' dir='ltr'>garder</span> <span class='ocrx_word' id='word_1_181' title='bbox 1183 3429 1295 3495; x_wconf 86' lang='lat' dir='ltr'>lessise</span> <span class='ocrx_word' id='word_1_182' title='bbox 1321 3431 1379 3495; x_wconf 89' lang='lat' dir='ltr'>des</span> <span class='ocrx_word' id='word_1_183' title='bbox 1400 3451 1490 3516; x_wconf 81' lang='lat' dir='ltr'>vyns</span> 
     </span>
     <span class='ocr_line' id='line_1_26' title="bbox 434 3533 1490 3619; baseline 0 -21"><span class='ocrx_word' id='word_1_184' title='bbox 434 3539 469 3599; x_wconf 91' lang='lat' dir='ltr'>et</span> <span class='ocrx_word' id='word_1_185' title='bbox 501 3535 559 3598; x_wconf 90' lang='lat' dir='ltr'>des</span> <span class='ocrx_word' id='word_1_186' title='bbox 589 3534 742 3613; x_wconf 82' lang='lat' dir='ltr'>vitailles,</span> <span class='ocrx_word' id='word_1_187' title='bbox 767 3555 877 3619; x_wconf 80' lang='lat' dir='ltr'>queux</span> <span class='ocrx_word' id='word_1_188' title='bbox 900 3539 982 3599; x_wconf 91' lang='lat' dir='ltr'>ount</span> <span class='ocrx_word' id='word_1_189' title='bbox 1005 3533 1239 3599; x_wconf 82' lang='lat' dir='ltr'>marchsundie</span> <span class='ocrx_word' id='word_1_190' title='bbox 1263 3533 1320 3598; x_wconf 88' lang='lat' dir='ltr'>des</span> <span class='ocrx_word' id='word_1_191' title='bbox 1342 3554 1429 3618; x_wconf 81' lang='lat' dir='ltr'>vyns</span> <span class='ocrx_word' id='word_1_192' title='bbox 1452 3537 1490 3598; x_wconf 87' lang='lat' dir='ltr'>et</span> 
     </span>
     <span class='ocr_line' id='line_1_27' title="bbox 434 3635 1490 3724; baseline 0 -22"><span class='ocrx_word' id='word_1_193' title='bbox 434 3635 490 3703; x_wconf 86' lang='lat' dir='ltr'>des</span> <span class='ocrx_word' id='word_1_194' title='bbox 509 3637 660 3715; x_wconf 87' lang='lat' dir='ltr'>vitailles,</span> <span class='ocrx_word' id='word_1_195' title='bbox 676 3659 794 3724; x_wconf 81' lang='lat' dir='ltr'>engros</span> <span class='ocrx_word' id='word_1_196' title='bbox 818 3659 861 3703; x_wconf 92' lang='lat' dir='ltr'>ou</span> <span class='ocrx_word' id='word_1_197' title='bbox 883 3659 904 3701; x_wconf 89' lang='lat' dir='ltr'>c</span> <span class='ocrx_word' id='word_1_198' title='bbox 926 3637 1031 3717; x_wconf 87' lang='lat' dir='ltr'>reteil,</span> <span class='ocrx_word' id='word_1_199' title='bbox 1058 3641 1157 3702; x_wconf 84' lang='lat' dir='ltr'>tsnnt</span> <span class='ocrx_word' id='word_1_200' title='bbox 1176 3657 1247 3702; x_wconf 87' lang='lat' dir='ltr'>com</span> <span class='ocrx_word' id='word_1_201' title='bbox 1273 3657 1360 3701; x_wconf 87' lang='lat' dir='ltr'>eaux</span> <span class='ocrx_word' id='word_1_202' title='bbox 1374 3636 1490 3702; x_wconf 88' lang='lat' dir='ltr'>furcnt</span> 
     </span>
     <span class='ocr_line' id='line_1_28' title="bbox 434 3739 1489 3826; baseline -0.002 -20"><span class='ocrx_word' id='word_1_203' title='bbox 434 3741 658 3807; x_wconf 84' lang='lat' dir='ltr'>entendauntz</span> <span class='ocrx_word' id='word_1_204' title='bbox 684 3762 729 3806; x_wconf 84' lang='lat' dir='ltr'>au</span> <span class='ocrx_word' id='word_1_205' title='bbox 753 3740 814 3805; x_wconf 89' lang='lat' dir='ltr'>tiel</span> <span class='ocrx_word' id='word_1_206' title='bbox 838 3739 928 3805; x_wconf 92' lang='lat' dir='ltr'>office</span> <span class='ocrx_word' id='word_1_207' title='bbox 959 3739 1033 3826; x_wconf 85' lang='lat' dir='ltr'>puis</span> <span class='ocrx_word' id='word_1_208' title='bbox 1060 3739 1201 3804; x_wconf 89' lang='lat' dir='ltr'>lestatut</span> <span class='ocrx_word' id='word_1_209' title='bbox 1233 3739 1274 3805; x_wconf 90' lang='lat' dir='ltr'>de</span> <span class='ocrx_word' id='word_1_210' title='bbox 1297 3759 1353 3804; x_wconf 86' lang='lat' dir='ltr'>ceo</span> <span class='ocrx_word' id='word_1_211' title='bbox 1387 3739 1436 3804; x_wconf 87' lang='lat' dir='ltr'>fet</span> <span class='ocrx_word' id='word_1_212' title='bbox 1465 3761 1489 3804; x_wconf 83' lang='lat' dir='ltr'>s</span> 
     </span>
     <span class='ocr_line' id='line_1_29' title="bbox 434 3841 1470 3932; baseline 0 -24"><span class='ocrx_word' id='word_1_213' title='bbox 434 3843 613 3932; x_wconf 77' lang='lat' dir='ltr'>Euerwyk,</span> <span class='ocrx_word' id='word_1_214' title='bbox 635 3866 657 3910; x_wconf 86' lang='lat' dir='ltr'>c</span> <span class='ocrx_word' id='word_1_215' title='bbox 678 3848 770 3930; x_wconf 86' lang='lat' dir='ltr'>treys</span> <span class='ocrx_word' id='word_1_216' title='bbox 792 3863 962 3930; x_wconf 87' lang='lat' dir='ltr'>semeynes</span> <span class='ocrx_word' id='word_1_217' title='bbox 984 3841 1025 3908; x_wconf 91' lang='lat' dir='ltr'>de</span> <span class='ocrx_word' id='word_1_218' title='bbox 1048 3841 1144 3909; x_wconf 85' lang='lat' dir='ltr'>Scint</span> <span class='ocrx_word' id='word_1_219' title='bbox 1167 3841 1297 3922; x_wconf 81' lang='lat' dir='ltr'>Michel‚</span> <span class='ocrx_word' id='word_1_220' title='bbox 1320 3842 1377 3908; x_wconf 80' lang='lat' dir='ltr'>lcn</span> <span class='ocrx_word' id='word_1_221' title='bbox 1398 3841 1470 3908; x_wconf 64' lang='lat' dir='ltr'>xii‘.</span> 
     </span>
    </p>
   </div>
   <div class='ocr_carea' id='block_1_3' title="bbox 266 4159 1489 4454">
    <p class='ocr_par' dir='ltr' id='par_1_8' title="bbox 266 4159 1489 4454">
     <span class='ocr_line' id='line_1_30' title="bbox 266 4159 1487 4275; baseline 0.001 -50"><span class='ocrx_word' id='word_1_222' title='bbox 266 4175 420 4275; x_wconf 52' lang='lat' dir='ltr'>mngqqfla</span> <span class='ocrx_word' id='word_1_223' title='bbox 481 4161 741 4240; x_wconf 86' lang='lat' dir='ltr'>Memorandum,</span> <span class='ocrx_word' id='word_1_224' title='bbox 782 4161 871 4248; x_wconf 92' lang='lat' dir='ltr'>quod</span> <span class='ocrx_word' id='word_1_225' title='bbox 912 4161 966 4226; x_wconf 91' lang='lat' dir='ltr'>die</span> <span class='ocrx_word' id='word_1_226' title='bbox 1003 4159 1115 4238; x_wconf 81' lang='lat' dir='ltr'>Lunae,</span> <span class='ocrx_word' id='word_1_227' title='bbox 1150 4159 1214 4225; x_wconf 85' lang='lat' dir='ltr'>xii⁰</span> <span class='ocrx_word' id='word_1_228' title='bbox 1250 4159 1303 4227; x_wconf 88' lang='lat' dir='ltr'>die</span> <span class='ocrx_word' id='word_1_229' title='bbox 1341 4161 1487 4240; x_wconf 86' lang='lat' dir='ltr'>Itineris,</span> 
     </span>
     <span class='ocr_line' id='line_1_31' title="bbox 266 4263 1489 4375; baseline 0.005 -52"><span class='ocrx_word' id='word_1_230' title='bbox 266 4280 397 4375; x_wconf 52' lang='lat' dir='ltr'>qtqqsrtae</span> <span class='ocrx_word' id='word_1_231' title='bbox 435 4265 604 4331; x_wconf 86' lang='lat' dir='ltr'>sententia</span> <span class='ocrx_word' id='word_1_232' title='bbox 630 4270 745 4336; x_wconf 78' lang='lat' dir='ltr'>contre</span> <span class='ocrx_word' id='word_1_233' title='bbox 769 4265 952 4330; x_wconf 89' lang='lat' dir='ltr'>Dominum</span> <span class='ocrx_word' id='word_1_234' title='bbox 972 4264 996 4331; x_wconf 85' lang='lat' dir='ltr'><strong>J</strong></span> <span class='ocrx_word' id='word_1_235' title='bbox 998 4263 1161 4329; x_wconf 73' lang='lat' dir='ltr'>ohannem</span> <span class='ocrx_word' id='word_1_236' title='bbox 1185 4263 1225 4328; x_wconf 92' lang='lat' dir='ltr'>de</span> <span class='ocrx_word' id='word_1_237' title='bbox 1253 4263 1489 4350; x_wconf 85' lang='lat' dir='ltr'>Daggewrthe,</span> 
     </span>
     <span class='ocr_line' id='line_1_32' title="bbox 436 4367 1487 4454; baseline 0 -20"><span class='ocrx_word' id='word_1_238' title='bbox 436 4368 587 4448; x_wconf 83' lang='lat' dir='ltr'>Militem,</span> <span class='ocrx_word' id='word_1_239' title='bbox 611 4374 646 4434; x_wconf 89' lang='lat' dir='ltr'>et</span> <span class='ocrx_word' id='word_1_240' title='bbox 669 4368 787 4434; x_wconf 85' lang='lat' dir='ltr'>Loram</span> <span class='ocrx_word' id='word_1_241' title='bbox 811 4367 994 4454; x_wconf 80' lang='lat' dir='ltr'>Peyforere‚</span> <span class='ocrx_word' id='word_1_242' title='bbox 1019 4389 1155 4432; x_wconf 85' lang='lat' dir='ltr'>uxorem</span> <span class='ocrx_word' id='word_1_243' title='bbox 1170 4389 1272 4446; x_wconf 88' lang='lat' dir='ltr'>suam,</span> <span class='ocrx_word' id='word_1_244' title='bbox 1297 4368 1338 4434; x_wconf 88' lang='lat' dir='ltr'>de</span> <span class='ocrx_word' id='word_1_245' title='bbox 1362 4367 1487 4434; x_wconf 85' lang='lat' dir='ltr'>Meres-</span> 
     </span>
    </p>
   </div>
   <div class='ocr_carea' id='block_1_4' title="bbox 264 4425 1488 4557">
    <p class='ocr_par' dir='ltr' id='par_1_9' title="bbox 264 4425 1488 4557">
     <span class='ocr_line' id='line_1_33' title="bbox 264 4425 1488 4557; baseline 0.006 -28"><span class='ocrx_word' id='word_1_246' title='bbox 264 4425 392 4529; x_wconf 53' lang='lat' dir='ltr'>qqqqment</span> <span class='ocrx_word' id='word_1_247' title='bbox 435 4471 534 4536; x_wconf 82' lang='lat' dir='ltr'>calcia</span> <span class='ocrx_word' id='word_1_248' title='bbox 557 4472 594 4536; x_wconf 93' lang='lat' dir='ltr'>in</span> <span class='ocrx_word' id='word_1_249' title='bbox 616 4469 674 4536; x_wconf 91' lang='lat' dir='ltr'>illo</span> <span class='ocrx_word' id='word_1_250' title='bbox 704 4471 828 4536; x_wconf 90' lang='lat' dir='ltr'>Itinere</span> <span class='ocrx_word' id='word_1_251' title='bbox 850 4493 918 4536; x_wconf 92' lang='lat' dir='ltr'>non</span> <span class='ocrx_word' id='word_1_252' title='bbox 941 4469 1101 4548; x_wconf 78' lang='lat' dir='ltr'>habenda,</span> <span class='ocrx_word' id='word_1_253' title='bbox 1117 4491 1175 4556; x_wconf 85' lang='lat' dir='ltr'>per</span> <span class='ocrx_word' id='word_1_254' title='bbox 1190 4469 1396 4536; x_wconf 86' lang='lat' dir='ltr'>Justicisrios</span> <span class='ocrx_word' id='word_1_255' title='bbox 1410 4492 1488 4557; x_wconf 87' lang='lat' dir='ltr'>pro-</span> 
     </span>
    </p>
   </div>
   <div class='ocr_carea' id='block_1_5' title="bbox 265 4510 374 4572">
    <p class='ocr_par' dir='ltr' id='par_1_10' title="bbox 265 4510 374 4572">
     <span class='ocr_line' id='line_1_34' title="bbox 265 4510 374 4572; baseline 0.018 -2"><span class='ocrx_word' id='word_1_256' title='bbox 265 4539 290 4570; x_wconf 80' lang='lat' dir='ltr'>as</span> <span class='ocrx_word' id='word_1_257' title='bbox 300 4510 374 4572; x_wconf 77' lang='lat' dir='ltr'>toihe</span> 
     </span>
    </p>
   </div>
   <div class='ocr_carea' id='block_1_6' title="bbox 265 4571 1487 4680">
    <p class='ocr_par' dir='ltr' id='par_1_11' title="bbox 265 4571 1487 4680">
     <span class='ocr_line' id='line_1_35' title="bbox 265 4571 1487 4680; baseline 0.004 -45"><span class='ocrx_word' id='word_1_258' title='bbox 265 4577 409 4680; x_wconf 49' lang='lat' dir='ltr'>33ngng</span> <span class='ocrx_word' id='word_1_259' title='bbox 434 4573 583 4662; x_wconf 81' lang='lat' dir='ltr'>mulgata</span> <span class='ocrx_word' id='word_1_260' title='bbox 604 4571 690 4654; x_wconf 81' lang='lat' dir='ltr'>fuit3</span> <span class='ocrx_word' id='word_1_261' title='bbox 720 4577 756 4638; x_wconf 89' lang='lat' dir='ltr'>et</span> <span class='ocrx_word' id='word_1_262' title='bbox 770 4573 870 4639; x_wconf 89' lang='lat' dir='ltr'>iidem</span> <span class='ocrx_word' id='word_1_263' title='bbox 886 4573 1079 4652; x_wconf 82' lang='lat' dir='ltr'>Justiciarii,</span> <span class='ocrx_word' id='word_1_264' title='bbox 1095 4572 1252 4660; x_wconf 88' lang='lat' dir='ltr'>inspectis</span> <span class='ocrx_word' id='word_1_265' title='bbox 1273 4573 1404 4638; x_wconf 85' lang='lat' dir='ltr'>Retulis</span> <span class='ocrx_word' id='word_1_266' title='bbox 1426 4596 1487 4639; x_wconf 84' lang='lat' dir='ltr'>cn-</span> 
     </span>
    </p>
   </div>
   <div class='ocr_carea' id='block_1_7' title="bbox 264 4674 1486 4774">
    <p class='ocr_par' dir='ltr' id='par_1_12' title="bbox 264 4674 1486 4774">
     <span class='ocr_line' id='line_1_36' title="bbox 264 4674 1486 4774; baseline 0.005 -36"><span class='ocrx_word' id='word_1_267' title='bbox 264 4677 412 4774; x_wconf 59' lang='lat' dir='ltr'>{ffiiffl</span> <span class='ocrx_word' id='word_1_268' title='bbox 434 4677 602 4763; x_wconf 88' lang='lat' dir='ltr'>tiquorum</span> <span class='ocrx_word' id='word_1_269' title='bbox 628 4676 801 4756; x_wconf 82' lang='lat' dir='ltr'>itinerum,</span> <span class='ocrx_word' id='word_1_270' title='bbox 828 4682 1055 4743; x_wconf 88' lang='lat' dir='ltr'>concesserunt</span> <span class='ocrx_word' id='word_1_271' title='bbox 1085 4677 1211 4743; x_wconf 88' lang='lat' dir='ltr'>civibus</span> <span class='ocrx_word' id='word_1_272' title='bbox 1237 4674 1486 4743; x_wconf 85' lang='lat' dir='ltr'>Londonierum</span> 
     </span>
    </p>
   </div>
   <div class='ocr_carea' id='block_1_8' title="bbox 264 4777 1486 4868">
    <p class='ocr_par' dir='ltr' id='par_1_13' title="bbox 264 4777 1486 4868">
     <span class='ocr_line' id='line_1_37' title="bbox 264 4777 1486 4868; baseline 0.006 -26"><span class='ocrx_word' id='word_1_273' title='bbox 264 4781 290 4824; x_wconf 57' lang='grc' dir='ltr'>θ’</span> <span class='ocrx_word' id='word_1_274' title='bbox 296 4780 401 4828; x_wconf 68' lang='lat' dir='ltr'>1¹⁰nd0n·</span> <span class='ocrx_word' id='word_1_275' title='bbox 432 4779 554 4847; x_wconf 83' lang='lat' dir='ltr'>habere</span> <span class='ocrx_word' id='word_1_276' title='bbox 578 4777 792 4860; x_wconf 80' lang='lat' dir='ltr'>Marescallos,</span> <span class='ocrx_word' id='word_1_277' title='bbox 810 4780 1071 4868; x_wconf 68' lang='lat' dir='ltr'>proclamatores,</span> <span class='ocrx_word' id='word_1_278' title='bbox 1089 4779 1248 4861; x_wconf 84' lang='lat' dir='ltr'>ostiarios,</span> <span class='ocrx_word' id='word_1_279' title='bbox 1265 4784 1300 4846; x_wconf 89' lang='lat' dir='ltr'>et</span> <span class='ocrx_word' id='word_1_280' title='bbox 1309 4779 1486 4866; x_wconf 76' lang='lat' dir='ltr'>janitores,-</span> 
     </span>
    </p>
   </div>
   <div class='ocr_carea' id='block_1_9' title="bbox 0 0 1736 5836">
    <p class='ocr_par' dir='ltr' id='par_1_14' title="bbox 0 0 1736 5836">
     <span class='ocr_line' id='line_1_38' title="bbox 0 0 1736 5836; baseline 0 2"><span class='ocrx_word' id='word_1_281' title='bbox 0 0 1736 5836; x_wconf 95' lang='lat' dir='ltr'> </span> 
     </span>
    </p>
   </div>
  </div>
 </body>
</html>
