3600 5822
460 805 526 871 264
810 817 915 868 monn
937 815 1180 870 comumnes.
1301 803 1359 890 [12
1376 819 1462 870 unu.
1479 821 1517 871 n

463 1025 480 1054 “
505 1017 673 1081 ‘Roberto
696 1014 886 1094 Wahaund
903 1013 1070 1082 Wilielmo
1093 1016 1134 1082 ds
1162 1016 1251 1094 Grei,
1277 1015 1439 1082 Nioholoo
1472 1017 1515 1082 de

463 1126 481 1154 “
507 1118 651 1184 ‘Sancto
668 1116 960 1196 Mauro,Willelmo
984 1117 1113 1196 Gerom,
1137 1123 1172 1184 et
1190 1118 1272 1184 aliis
1318 1119 1516 1206 Datumpsr

463 1229 481 1255 “
506 1229 664 1285 ‘manum
699 1225 854 1298 nostram,
886 1220 975 1306 apud
1006 1218 1208 1298 Windesoro,
1240 1220 1289 1284 xii
1323 1220 1377 1286 die
1407 1221 1513 1298 Jnnii,

463 1329 481 1359 “
507 1332 612 1388 ‘suno
627 1322 721 1408 regni
735 1321 840 1387 nostri
856 1321 998 1387 xxxviii
1045 1321 1254 1410 Inspeximus
1269 1322 1403 1408 insuper
1417 1344 1514 1409 quos·

464 1433 481 1459 “
506 1433 513 1460 ‘
530 1425 604 1490 dam
621 1423 789 1488 Articulos
800 1423 837 1488 in
852 1423 995 1508 quadam
1004 1423 1137 1502 Charta
1150 1446 1249 1510 quam
1264 1423 1442 1511 praediotus
1457 1447 1514 1511 pa·

463 1535 481 1562 “
506 1535 513 1560 ‘
530 1531 581 1592 ter
595 1530 708 1592 noster
721 1524 831 1590 xxvio
846 1524 900 1590 die
916 1523 925 1561 ¹
940 1524 1032 1606 Maii,
1049 1547 1137 1591 anno
1152 1525 1247 1612 regni
1261 1527 1313 1590 sui
1335 1517 1413 1605 lii‘¹⁰‚
1437 1525 1515 1592 seoit

460 1637 481 1668 “
506 1637 513 1664 ‘
528 1627 657 1694 civibus
666 1626 842 1714 praediotis,
853 1631 1026 1692 contentos
1041 1627 1201 1706 similiter,
1214 1627 1250 1691 in
1265 1627 1336 1693 haee
1349 1627 1513 1693 verbo:-

461 1739 478 1770 “
503 1730 753 1797 ‘Gonoessintus
777 1729 879 1794 etiam
904 1729 1027 1795 eisdem
1051 1729 1190 1806 civibus,
1207 1730 1295 1815 quod
1320 1731 1361 1794 de
1384 1729 1514 1816 placitis

461 1841 479 1868 “
504 1832 571 1897 ‘ad
585 1853 738 1898 coronam
759 1829 1012 1918 pertinentibus,
1029 1830 1070 1896 de
1092 1831 1157 1896 hiis
1180 1831 1324 1896 maxime
1339 1851 1414 1916 quoe
1428 1831 1514 1896 infra

462 1944 479 1970 “
504 1933 698 2000 ‘civitatem
725 1931 916 2020 praediotam
947 1938 981 1998 et
1011 1931 1081 2018 ojus
1111 1931 1306 1998 suburbium
1340 1933 1412 1998 fieri
1439 1955 1514 1998 oon·

462 2045 480 2072 “
504 2037 645 2123 ‘tinget
669 2057 703 2100 se
728 2035 855 2121 possint
881 2034 1101 2100 disrationare
1132 2035 1311 2100 seeundum
1340 2035 1513 2122 antiquom

463 2148 480 2174 “
506 2138 797 2204 ‘consuetudinem
824 2135 972 2202 civitatis
996 2137 1171 2223 praediotae.
1217 2137 1293 2202 Hoo
1323 2143 1437 2204 tamen
1459 2159 1515 2202 ex·

463 2250 481 2276 “
505 2246 631 2328 ‘cepto
659 2240 747 2326 quod
771 2260 868 2326 super
894 2239 1040 2304 trunulos
1066 2244 1273 2306 mortuorum
1301 2239 1342 2305 de
1364 2262 1402 2306 eo
1426 2241 1515 2326 quod

463 2352 480 2378 ‘⁴
505 2341 651 2408 ‘dioturi
672 2345 781 2408 essent
803 2341 935 2421 mortui,
951 2341 981 2406 si
1002 2339 1163 2420 viverent,
1179 2363 1247 2406 non
1268 2341 1366 2408 lioeat
1384 2341 1515 2429 pmoise

463 2451 481 2480 “
507 2445 637 2530 ‘jurare
649 2467 657 2524 ;
681 2443 738 2508 sed
753 2444 825 2510 loeo
848 2448 1054 2509 mortuorum
1079 2442 1137 2528 qui
1160 2448 1239 2508 ante
1266 2442 1394 2509 obitum
1418 2465 1516 2510 suum

464 2555 482 2580 “
507 2545 625 2610 ‘electi
656 2544 789 2610 fuerant
814 2545 857 2610 ad
890 2565 944 2610 eos
970 2543 1241 2623 disrationandos,
1270 2545 1393 2631 quide
1419 2546 1517 2612 rebus

462 2655 483 2685 “
508 2646 575 2711 ‘ad
590 2666 742 2711 eoronam
758 2647 983 2732 spectantibus
999 2647 1156 2734 appellati
1179 2645 1306 2714 fuerint
1320 2649 1374 2714 vel
1387 2650 1514 2728 reotati,

464 2757 481 2784 “
506 2747 586 2812 ‘alii
613 2747 710 2812 liberi
733 2753 767 2813 et
788 2749 908 2835 legales
931 2748 1104 2836 eligantur,
1129 2747 1187 2834 qui
1219 2748 1309 2814 idem
1332 2749 1403 2816 sine
1431 2750 1512 2816 dila·

464 2857 482 2885 “
507 2850 622 2914 ‘tione
652 2849 777 2915 faciant
812 2851 901 2936 quod
939 2872 997 2936 per
1034 2850 1206 2916 defunctos
1251 2855 1454 2931 memoratos,
1486 2853 1514 2918 si

464 2961 482 2987 “
506 2952 691 3031 ‘viverent2
729 2951 802 3016 fieri
839 2957 1013 3038 oporteret.
1060 2951 1106 3018 Et
1136 2952 1225 3038 quod
1255 2957 1326 3019 tam
1363 2952 1514 3020 forinseci

464 3062 482 3090 “
507 3063 631 3140 ‘quam
664 3053 723 3118 alii
757 3057 944 3120 attornatos
972 3053 1078 3120 facere
1105 3055 1233 3140 possint
1266 3055 1303 3119 in
1337 3055 1513 3145 Hustengo

464 3161 483 3192 “
507 3155 786 3234 ‘Londoniarum
813 3159 883 3219 tom
908 3156 1036 3242 agendo
1059 3176 1160 3241 quam
1184 3155 1398 3236 defendendo,
1430 3158 1515 3225 siout

464 3265 481 3292 “
507 3258 611 3323 ‘alibi
628 3259 662 3322 in
680 3256 782 3324 Curia
797 3263 918 3322 nostra
965 3255 1010 3323 Et
1032 3257 1121 3343 quod
1142 3257 1253 3323 nullus
1275 3265 1444 3339 mereator,
1461 3261 1514 3325 vel

463 3366 480 3394 “
508 3360 623 3436 ‘alius
662 3358 795 3424 obviam
833 3364 889 3424 eat
924 3359 1160 3425 mercatoribus
1196 3360 1417 3442 venientibus,
1456 3385 1515 3449 per

463 3469 481 3496 “
504 3467 650 3526 ‘terram
691 3462 745 3527 vel
777 3483 836 3548 per
870 3482 999 3547 aquam,
1032 3483 1106 3526 oum
1140 3463 1349 3528 mercandiar's
1382 3464 1449 3530 suis
1479 3469 1515 3530 et

462 3569 480 3599 “
504 3563 728 3628 ‘victualibus
750 3585 864 3629 versus
886 3562 1058 3628 civitatem
1074 3563 1175 3643 illam,
1198 3565 1241 3630 ad
1263 3565 1439 3632 emendum
1460 3567 1514 3632 vel

464 3672 482 3699 “
506 3664 783 3744 ‘revendendum
795 3685 963 3751 quousque
979 3665 1022 3730 ad
1038 3665 1161 3732 dictam
1176 3665 1347 3733 civitatem
1362 3669 1514 3736 venerint

465 3775 482 3801 “
507 3771 564 3832 ‘et
587 3767 800 3832 mercimonia
826 3790 885 3832 sua
915 3767 1039 3832 ibidem
1063 3767 1250 3833 venditioni
1282 3771 1517 3856 exposuerint3

465 3877 483 3901 “
508 3875 627 3955 ‘super
648 3868 887 3934 forisfacturam
912 3869 961 3934 roi
984 3873 1105 3955 emptae
1135 3873 1172 3934 et
1196 3891 1296 3955 poena
1327 3872 1470 3950 carceris,
1496 3896 1517 3937 a

466 3979 483 4004 “
508 3978 595 4056 ‘quo
621 3971 691 4036 sino
716 3971 811 4056 gravi
840 3970 1058 4058 castigatione
1088 3992 1156 4036 non
1180 3971 1309 4038 evadat.
1356 3972 1402 4039 Et
1426 3975 1515 4060 quod

466 4080 483 4106 “
508 4073 640 4138 ‘nullus
662 4077 808 4159 exponat
830 4073 1043 4139 mercimonia
1063 4095 1123 4139 sua
1137 4073 1329 4154 venditioni,
1346 4095 1421 4160 quse
1444 4097 1515 4142 mrs-

465 4183 483 4208 “
508 4179 658 4239 ‘tumam
685 4174 835 4253 debeant,
861 4195 1030 4260 quousque
1057 4175 1171 4242 debita
1196 4181 1347 4242 oustuma
1376 4177 1512 4256 levetur,

467 4285 484 4312 “
509 4276 628 4364 ‘super
651 4277 892 4342 forisfacturam
919 4277 1024 4342 totius
1048 4279 1153 4344 averii
1180 4277 1221 4344 de
1248 4300 1314 4365 quo
1336 4299 1428 4345 seous
1442 4279 1515 4346 fleri

467 4388 485 4415 “
509 4379 707 4466 ‘continget
753 4378 846 4444 Alios
869 4379 957 4443 enim
982 4377 1151 4446 Artiordos
1181 4380 1218 4446 in
1247 4381 1362 4446 eadem
1390 4381 1515 4448 Charta

1080 4572 1440 4581 ----..-.-.-.......-.---..-
1456 4577 1462 4580 -
1475 4577 1479 4581 ..
1497 4577 1506 4583 ⁴

842 4698 849 4729 ¹
862 4695 985 4762 Ptoperly
996 4699 1011 4726 ‘⁶
1019 4693 1135 4746 Martii.”
