3624 5824
303 896 444 958 30rmw.
458 887 496 978 1.]
625 907 695 956 rnn
718 891 835 958 nruo’s
857 905 1048 957 uounrnns.
1284 892 1347 955 185

304 1092 467 1180 “pluries
498 1092 718 1180 praecepimus,
752 1093 841 1180 quod
872 1094 1044 1180 operarios
1084 1081 1292 1171 moneta'rios,
1317 1098 1476 1206 etffggsntffi

302 1205 320 1229 “
343 1195 511 1262 ministros
535 1195 610 1260 illos
640 1217 708 1260 non
735 1196 956 1262 molestaretis
980 1197 1017 1260 in
1045 1195 1165 1282 aliquo,
1197 1217 1255 1261 seu
1277 1205 1434 1298 graggffl
1472 1185 1517 1298 'Ro-r

292 1306 321 1331 “‘
344 1297 476 1376 varetis,
507 1303 621 1364 contra
649 1304 798 1364 tenorem
836 1299 1023 1365 litterarum
1055 1304 1245 1365 nostrarum
1270 1305 1501 1406 prae-degffig·

304 1408 322 1434 “
345 1399 516 1479 dictarum,
567 1401 622 1466 vel
663 1423 794 1467 oausam
840 1401 935 1467 nobis
984 1400 1214 1488 significaretis
1252 1369 1489 1486 quaregiicerwf

1366 1457 1407 1500 the
1416 1456 1498 1508 Kinrr's

304 1510 322 1536 “
345 1502 509 1568 mandatis
539 1503 669 1582 nostris,
694 1505 775 1568 alies
812 1503 906 1569 vobis
937 1503 1014 1570 inde
1038 1503 1178 1582 directis
1215 1503 1352 1568 minime
1366 1507 1498 1601 ξιξὲζῇξιεξ»

305 1613 322 1638 “
345 1605 522 1692 paruistis3
549 1629 587 1672 ac
620 1628 680 1671 vos
702 1606 868 1671 mandatis
896 1607 1017 1672 nostris
1039 1605 1207 1693 praedictis
1230 1627 1351 1692 parere,
1365 1611 1523 1712 fflfflo·

305 1716 322 1741 “
346 1707 398 1772 vel
421 1708 538 1774 saltem
561 1730 702 1790 causam,
726 1730 826 1794 quare
848 1708 883 1774 id
906 1708 1012 1774 facere
1034 1709 1187 1774 noluistis
1209 1707 1263 1773 vel
1287 1730 1354 1773 non
1396 1721 1493 1766 Raab.

305 1819 322 1844 “
345 1810 505 1876 debuistis
528 1811 623 1877 nobis
645 1811 837 1898 significare,
871 1811 1029 1876 hactenus
1059 1832 1127 1876 non
1151 1811 1352 1890 curaveritis,

306 1912 382 1976 “in
418 1912 565 1999 ipsorum
600 1913 831 2001 operariorum,
866 1913 1132 1992 monetariorum,
1168 1917 1203 1980 et
1239 1913 1355 1979 minis·

306 2022 323 2048 “
346 2019 471 2080 trorum
482 2015 715 2102 praedictorum
726 2017 885 2081 domnum
894 2015 1106 2083 immodicum
1121 2019 1156 2082 et
1165 2038 1353 2104 gravamen,

305 2123 324 2152 “
346 2139 384 2182 ac
403 2116 636 2183 mandatorum
657 2123 844 2184 nostrorum
867 2118 1102 2206 praedictorum
1126 2124 1354 2205 contemptum

306 2227 323 2252 “
346 2219 715 2286 manifestum-Vobis
738 2221 846 2286 adhuc
860 2223 1073 2310 praecipimus,
1090 2221 1230 2288 firmiter
1245 2221 1355 2307 injun-

305 2329 323 2355 “
345 2328 466 2409 gentes,
489 2323 578 2409 quod
592 2323 635 2388 ab
657 2322 847 2409 hujusmodi
869 2324 1027 2390 molestiis
1051 2331 1085 2390 et
1105 2324 1355 2412 gravaminibus

305 2433 322 2458 “
345 2425 511 2512 praedictis
534 2427 699 2514 operariis,
724 2427 923 2506 monetariis,
937 2433 971 2492 et
992 2428 1153 2496 ministris
1175 2429 1355 2496 inferendis

304 2537 322 2562 “
350 2528 526 2609 desistatis,
562 2529 667 2616 juxta
697 2534 845 2596 tenorem
882 2531 1116 2597 mandatorum
1154 2537 1352 2613 nostrorum,

306 2638 324 2665 “
347 2631 441 2697 vobis
485 2632 577 2719 prius
611 2631 689 2697 inde
727 2632 948 2713 directorum
991 2634 1045 2700 vel
1081 2656 1140 2701 vos
1179 2634 1244 2721 ipsi
1282 2635 1356 2701 sitis

306 2742 323 2768 “
345 2754 453 2799 coram
476 2735 573 2801 nobis
604 2735 642 2799 in
669 2735 804 2800 Octabis
840 2735 956 2801 Sancti
987 2735 1131 2816 Etrurii,
1156 2737 1355 2824 ubicumque

305 2844 323 2871 “
344 2840 425 2902 tune
447 2837 605 2903 fuerimus
639 2837 676 2902 in
709 2837 840 2925 Anglia,
866 2840 1028 2904 ostensuri
1058 2861 1158 2926 quare
1190 2842 1356 2907 mandatis

306 2947 323 2974 “
344 2941 468 3005 nostris
503 2939 678 3027 praedictis,
702 2940 826 3006 totiens
847 2941 943 3006 vobis
966 2941 1044 3008 inde
1075 2943 1216 3022 directis,
1240 2965 1354 3030 parere

296 3049 323 3076 “‘
346 3043 598 3129 contempsistis.
662 3041 709 3108 Et
730 3043 881 3108 habeatis
903 3042 951 3108 ibi
987 3045 1049 3110 hoe
1085 3045 1193 3124 breve,
1225 3045 1354 3112 distric-

307 3145 473 3210 “tionem
506 3146 552 3210 eis
579 3145 615 3210 in
637 3143 699 3211 hac
723 3149 819 3232 parte
850 3146 971 3212 factam
998 3147 1133 3212 interim
1156 3147 1354 3214 relaxantes.

306 3247 444 3313 “Teste
469 3247 601 3335 meipso,
641 3249 730 3336 apud
769 3249 934 3335 Lynliscu,
959 3249 1035 3314 xxi⁰
1057 3249 1110 3316 die
1145 3250 1353 3332 Novembris,

308 3357 325 3383 “
348 3371 435 3416 anno
458 3351 551 3437 regni
572 3350 679 3416 nostri
702 3349 898 3418 tricesimc.”

328 3797 557 3892 Monocomtio
582 3801 867 3886 Mmzetoriorum
893 3805 985 3894 quod
1011 3827 1084 3876 ooo
1114 3816 1333 3898 sequerentur·

711 3909 813 3977 Breve
834 3909 946 3997 Royc'e.

352 4085 415 4152 Die
439 4086 594 4154 Mercurii
632 4090 784 4177 proxima
820 4097 896 4180 post
931 4093 1052 4160 festum
1091 4094 1524 4204 Oircumcisionisgfoffimglmise

306 4188 450 4268 Domini,
490 4213 579 4258 anno
611 4195 809 4280 supradicto,
849 4195 885 4261 in
922 4198 1098 4284 prmsentia
1138 4172 1516 4305 Domincrumgggrfzwliff'

305 4290 329 4357 J
331 4292 469 4358 ohannis
506 4295 538 4360 le
572 4294 705 4376 Blount,
743 4296 878 4384 Majoris
919 4300 1067 4367 civitatis
1101 4301 1355 4384 Londoniarum‚
1368 4273 1502 4355 unffi*

306 4393 466 4460 willermi
489 4396 530 4462 ee
554 4397 667 4485 neue,
697 4399 837 4466 wasers
871 4401 912 4468 <u
936 4403 1186 4491 rinomngfeus
1223 4362 1518 4515 nicaraffi*

306 4497 347 4562 de
375 4497 573 4579 Glouoestre,
608 4501 633 4566 J
635 4501 773 4567 ohannis
811 4503 852 4569 de
882 4503 1084 4585 Armenters,
1120 4507 1304 4574 Salomonis
1326 4508 1509 4607 leffillgrr

307 4599 472 4681 Ootillere,
501 4601 647 4670 Simonis
686 4603 726 4670 de
754 4606 855 4685 Paris,
891 4607 1057 4674 Johannis
1093 4609 1134 4676 de
1161 4610 1354 4699 Dunsteple‚
1368 4613 1493 4720 ffiffla

304 4701 459 4770 Nichclai
483 4705 596 4794 Pycot,
621 4707 814 4796 caeterisque
837 4709 1073 4778 Aldermamris
1097 4735 1135 4780 ao
1157 4709 1354 4797 concivibus,
