3600 5822
259 947 302 1014 14
318 961 401 1016 now.
419 946 471 1037 ιι]
504 943 680 1017 ssssmm’
701 961 836 1017 consus
858 963 952 1017 snm
975 963 1014 1016 ιιι
1036 961 1106 1014 rus
1127 957 1214 1013 our.
1249 945 1315 1012 823

257 1151 400 1219 bitorum
446 1153 586 1232 illorum,
624 1151 654 1218 si
691 1173 766 1220 eom
798 1151 966 1240 petierint,
1005 1150 1185 1218 secundum
1223 1147 1313 1235 quod

256 1255 351 1322 fieret
373 1256 410 1320 in
433 1255 544 1322 Ouriis
567 1255 667 1344 Regis
691 1277 765 1344 quse
787 1255 959 1322 reeordum
980 1255 1105 1321 hebent
1127 1253 1168 1320 de
1183 1251 1306 1319 debitis

255 1357 361 1424 ineis
397 1359 583 1446 recognitis,
605 1359 740 1424 liberari
770 1358 919 1436 faciunt3
957 1357 1136 1424 tenendum
1174 1355 1309 1421 nomine

257 1461 354 1528 liberi
391 1463 575 1528 tenementi
610 1483 782 1548 quousque
820 1461 935 1527 debite
978 1461 1037 1526 illo
1081 1459 1159 1526 inde
1199 1459 1310 1524 levate

257 1563 390 1641 fuerint,
419 1564 489 1630 sine
520 1563 658 1630 licentis
688 1563 789 1650 Regis
819 1564 874 1628 vel
895 1563 1144 1651 progenitorum
1167 1581 1310 1639 suorum,

259 1664 388 1753 Regum
409 1666 576 1754 Anglies,
566 1689 603 1731 ιιι
624 1663 855 1753 praejudicinm
869 1667 970 1754 regim
992 1663 1264 1750 trajectenses

302 1767 348 1834 Et
381 1769 598 1835 communitos
631 1769 748 1834 venit:
795 1772 830 1834 et
862 1768 973 1854 quood
1003 1767 1148 1855 primum
1179 1765 1312 1833 Articu-
1324 1785 1420 1832 snus
1405 1787 1455 1882 ιιιοι

256 1871 357 1938 lum'
348 1895 384 1937 ιιι
416 1872 572 1959 praedioto
606 1871 699 1938 brevi
733 1875 936 1953 contentum,
959 1870 1092 1952 scilicet,
1126 1871 1167 1937 de
1200 1838 1365 1938 Curiistho
1322 1837 1438 1943 monne}

258 1973 359 2062 Regis
380 1975 526 2042 civitatis
548 1973 717 2063 praediotae
739 1973 894 2041 tenendis
916 1995 975 2062 per
996 1995 1101 2040 unum
1124 1973 1304 2042 Vicecomi·
1320 2003 1436 2049 moe„

256 2081 334 2157 tem,
358 2078 555 2156 alternatim,
581 2081 650 2156 ete,
674 2077 798 2159 dicunt,
821 2077 910 2163 quod
931 2081 1095 2164 tempore
1102 2076 1210 2165 Regis,
1234 2097 1309 2144 con-
1321 2054 1482 2103 mmm·

256 2180 429 2267 sanguinei
451 2181 552 2269 Regis
574 2201 669 2260 nunc,
694 2185 729 2246 et
759 2181 860 2247 etiem
889 2184 969 2247 ente
1000 2184 1131 2268 tempus
1163 2180 1309 2266 ejusdem

258 2283 359 2370 Regis
394 2283 535 2364 Ricerdi,
569 2283 680 2350 Ouriae
712 2282 813 2371 Regis
859 2282 1006 2350 civitatis
1043 2283 1209 2370 predictas
1250 2305 1310 2371 per

256 2408 360 2451 unum
383 2385 620 2452 vicecomitum
643 2386 789 2472 ejusdem
811 2385 957 2452 civitatis
979 2385 1178 2468 alternatim,
1194 2391 1229 2452 et
1251 2407 1310 2474 per
1360 2421 1364 2428 ·

256 2511 299 2570 se,
323 2489 393 2555 sine
415 2487 650 2556 Aldermsnnis
681 2509 740 2554 seu
774 2488 999 2571 sectatoribus,
1033 2491 1235 2557 tenebantur
1267 2490 1308 2557 de

255 2591 386 2679 placitis
409 2613 482 2679 qum
508 2592 551 2658 ed
574 2591 791 2658 vicecomites
820 2593 988 2679 pertinent
1009 2597 1151 2674 tentum,
1187 2593 1310 2660 scilieet

256 2696 297 2761 de
330 2694 612 2775 conventionibus,
635 2695 764 2776 debitis,
788 2696 1023 2774 contactibus,
1044 2697 1311 2784 transgressioni-

254 2799 325 2875 bus,
349 2803 384 2864 et
406 2797 447 2864 de
469 2797 576 2864 vetito
598 2797 709 2863 nsmio
732 2803 766 2864 et
788 2797 983 2885 hujusmodi
1039 2799 1085 2865 Et
1108 2799 1198 2880 dicit,
1222 2799 1312 2887 quod

256 2901 419 2968 Dominus
455 2900 634 2980 Johennes,
673 2900 842 2987 quondam
875 2902 950 2967 Rex
986 2902 1127 2990 Angliae,
1166 2923 1311 2991 proavus

256 3004 393 3070 Domini
416 3004 517 3092 Regis
538 3025 635 3082 nunc,
658 3008 782 3092 postes,
797 3003 847 3069 ιω
862 3004 915 3071 die
937 3004 962 3071 J
963 3004 1026 3070 ulii
1040 3027 1128 3070 enno
1150 3005 1244 3092 regni
1258 3005 1311 3071 sui

254 3109 369 3196 primo,
395 3130 454 3194 per
477 3107 636 3174 Ohurtom
658 3129 751 3173 suem
773 3108 931 3174 concessit
952 3111 987 3173 et
1009 3109 1218 3175 confirmavit
1233 3109 1314 3174 civi·

255 3211 318 3276 bus
342 3209 586 3278 Londonierum
609 3210 864 3276 Viceoomitstus
888 3211 1134 3278 Londonierum
1157 3216 1192 3278 et
1222 3213 1311 3278 Mid-

256 3313 419 3393 delsexiae,
443 3335 518 3378 cum
541 3312 694 3379 omnibus
716 3314 815 3379 rebus
846 3319 881 3380 et
914 3315 1205 3382 consuetudinibus
1236 3337 1310 3406 quae

256 3416 425 3504 pertinent
454 3416 498 3482 ed
521 3415 695 3503 praediotos
718 3415 984 3495 Viceoomitstus,
1009 3417 1098 3483 infre
1118 3418 1309 3486 libertatem

257 3526 292 3586 et
306 3524 408 3598 extra,
425 3518 616 3585 habendum
638 3523 673 3585 et
695 3519 878 3585 tenendum
901 3520 948 3586 eis
970 3525 1005 3587 et
1027 3519 1215 3588 haeredibus
1229 3523 1308 3602 suis,

256 3623 436 3689 finebiliter
458 3621 499 3687 de
530 3621 602 3709 ipso
636 3620 781 3687 Domino
817 3622 907 3711 Rege
941 3627 976 3690 et
1009 3624 1195 3691 heeredibus
1229 3626 1306 3706 suis,

255 3724 421 3792 reddendo
452 3724 530 3790 inde
552 3725 725 3791 annuatim
747 3725 854 3792 eidem
877 3725 1020 3793 Domino
1043 3727 1128 3815 Regi
1150 3733 1184 3796 et
1206 3727 1309 3796 heere·

257 3829 354 3894 dibus
376 3827 443 3893 suis
470 3847 523 3892 ccc
553 3827 656 3892 libres
689 3828 923 3916 sterlingorum
957 3829 1156 3910 blancorum,
1181 3832 1312 3901 duobus

254 3930 406 3998 terminis
420 3929 509 4008 anni,
520 3929 651 4011 scilicet,
663 3931 707 3996 ed
722 3929 925 3998 Sceocerium
940 3931 1074 4002 Paschae
1089 3955 1106 4000 c
1121 3940 1156 4001 et
1170 3935 1183 3999 l
1197 3934 1307 4016 libras,

256 4039 292 4100 et
314 4033 358 4098 sd
381 4031 588 4099 Soeccsrium
611 4033 726 4100 Sancti
750 4033 918 4100 Michaelis
941 4057 960 4101 c
992 4039 1027 4102 et
1059 4037 1072 4101 l
1106 4037 1216 4106 libras
1261 4039 1308 4106 Et

255 4143 423 4225 prestereo,
447 4136 606 4203 concessit
620 4135 743 4203 eisdem
766 4137 905 4218 civibus,
928 4139 1017 4226 quod
1039 4141 1103 4228 ipsi
1130 4141 1170 4208 de
1192 4141 1307 4230 seipsis

254 4241 379 4308 socient
401 4239 617 4306 Vioecomites
647 4261 857 4328 quoscunque
878 4242 1055 4323 voluerint,
1084 4248 1118 4310 et
1141 4265 1196 4311 eos
1218 4253 1309 4312 eme

255 4349 356 4411 veent
379 4343 511 4430 quando
537 4343 713 4409 voluerint
768 4343 814 4409 Et
844 4345 967 4431 profert
990 4345 1148 4413 Ohcrtem
1171 4349 1307 4416 Domini

256 4447 356 4534 Regis
370 4446 542 4526 Johsnnis,
559 4467 634 4533 quse
656 4446 717 4512 hoc
738 4451 888 4514 testetur.
933 4447 980 4514 Et
1002 4447 1090 4530 dicit,
1113 4451 1202 4538 quod
1224 4459 1308 4520 tem-

254 4571 333 4638 pore
357 4549 457 4637 Regis
478 4549 653 4630 Jobannis,
677 4556 712 4616 et
734 4550 836 4615 etiem
861 4552 1066 4640 temporibus
1089 4554 1306 4632 Dominorum

255 4656 384 4742 Regum
399 4654 531 4743 Angliae
554 4654 660 4722 eidem
684 4656 826 4722 Domino
854 4656 938 4746 Regi
962 4657 1111 4726 Johanni
1134 4663 1306 4732 succeden-

253 4759 347 4838 tium,
373 4756 483 4824 Ourise
499 4757 636 4824 Domini
652 4757 752 4848 Regis
774 4759 921 4827 civitatis
946 4763 1113 4850 praedietee
1127 4787 1186 4851 per
1200 4770 1306 4835 unum

1103 4869 1172 4935 12
