3636 5820
449 848 469 910 8
784 861 886 912 arasa
908 861 1153 914 eusruuseuu.
1347 849 1442 936 [ssu.
1459 865 1495 915 11.

280 1049 348 1154 {13
351 1048 412 1144 232st
447 1033 606 1101 micantes
637 1032 781 1111 auribus,
815 1032 994 1100 cervicibus
1038 1033 1160 1113 arduis,
1196 1033 1347 1100 clunibus
1385 1033 1498 1100 obesis.

281 1149 431 1246 primariis
449 1139 492 1222 Iu
516 1137 634 1202 horum
668 1136 794 1204 incessu
820 1139 970 1223 spectant
1002 1141 1165 1223 emptores
1176 1160 1185 1218 ;
1217 1138 1336 1225 prime,
1365 1159 1499 1223 passum

298 1213 329 1255 aa
448 1239 642 1317 suaviorem,
677 1243 793 1325 postea
825 1244 953 1304 motum
984 1239 1178 1317 citatiorem,
1203 1240 1259 1324 qui
1290 1243 1340 1304 est
1363 1240 1456 1324 quasi
1479 1261 1500 1304 a

449 1341 621 1409 contrariis
652 1341 800 1428 pedibus,
833 1341 1055 1406 anterioribus
1089 1341 1189 1406 simul
1222 1341 1291 1406 solo
1322 1341 1442 1406 amotis
1465 1345 1500 1406 et

449 1445 599 1521 admotis,
623 1457 659 1508 et
689 1442 926 1530 posterioribus
957 1442 1116 1509 similiter.
1164 1443 1248 1509 Oum
1271 1442 1391 1508 talium
1413 1442 1500 1508 soni·

450 1547 571 1634 pedum
594 1567 708 1611 cursus
741 1545 902 1623 imminet,
926 1549 961 1611 et
984 1545 1125 1610 aliorum
1152 1544 1243 1622 forte,
1269 1544 1327 1632 qui
1349 1544 1501 1610 similitor

451 1650 589 1716 suntin
611 1670 729 1736 genere
762 1670 822 1714 suo
856 1648 899 1713 ad
921 1653 1092 1714 vecturam
1122 1647 1232 1726 validi,
1269 1647 1312 1713 ad
1334 1669 1501 1712 cursuram

450 1753 570 1840 vegeti,
594 1753 716 1818 clamor
737 1750 912 1832 attollitur,
935 1752 1087 1838 vulgares
1121 1771 1221 1836 equos
1243 1751 1280 1814 in
1302 1755 1430 1837 partem
1452 1750 1501 1814 ire

451 1853 649 1942 praecipitur.
697 1853 843 1920 Sessores
875 1853 1041 1940 alipedum
1073 1852 1167 1939 pueri
1201 1857 1271 1918 tres
1302 1851 1409 1930 simul,
1445 1851 1503 1916 ali-

452 1956 584 2044 quando
608 1954 711 2034 ¹bini,
751 1954 927 2021 certamini
960 1976 994 2020 se
1025 1958 1225 2042 praeparant
1285 1953 1385 2020 Docti
1408 1953 1500 2040 equis

450 2058 642 2147 imperitare
664 2057 899 2123 indomitorum
920 2055 1066 2145 ²lupatis
1089 2061 1278 2145 temperant
1296 2055 1408 2122 fraenis
1429 2077 1500 2121 ora:

452 2161 514 2226 hoo
545 2161 690 2226 maxime
724 2161 927 2247 praecaverit,
958 2181 1001 2226 ne
1032 2159 1116 2225 ulter
1146 2159 1243 2225 alteri
1266 2180 1396 2224 cursum
1419 2180 1502 2245 prae·

453 2263 564 2350 ripiat.
723 2264 726 2270 '

499 2365 587 2452 Equi
609 2364 769 2444 similiter,
786 2386 845 2452 pro
860 2363 957 2431 modo
972 2385 1040 2444 suo,
1056 2363 1100 2430 ad
1114 2369 1280 2431 certamen
1289 2385 1402 2431 cursus
1417 2364 1504 2430 illius

453 2485 487 2530 se
513 2463 695 2544 attollunt,
721 2463 892 2530 ⁸tremunt
913 2468 1013 2541 artus,
1042 2485 1143 2530 morse
1167 2463 1386 2549 impatientes,
1417 2468 1504 2529 stare

454 2566 524 2632 loco
551 2564 722 2645 nesciunt;
755 2564 842 2630 facto
888 2564 993 2654 signo,
1026 2565 1174 2632 membra
1204 2565 1401 2644 extendunt,
1432 2587 1502 2631 cur·

454 2690 528 2734 sum
569 2667 711 2755 rapiunt,
754 2667 907 2754 agilitate
944 2665 1105 2755 pervicaci
1144 2667 1303 2734 feruntur.
1365 2668 1505 2735 Certant

454 2791 591 2836 sessores
621 2768 728 2835 laudis
758 2791 877 2850 amore,
923 2791 980 2857 spe
1021 2769 1178 2851 victoriae,
1219 2769 1311 2856 equis
1356 2770 1506 2836 admissis

454 2871 592 2941 subdere
622 2871 768 2952 calcaria,
799 2878 834 2939 et
863 2893 923 2938 neo
952 2871 1060 2939 minus
1090 2893 1206 2960 urgere
1241 2893 1295 2938 eos
1336 2871 1438 2960 virgis
1471 2877 1507 2940 et

454 2976 538 3042 ciere
564 2974 766 3042 clamoribus.
814 2973 952 3042 Putares
978 2977 1090 3041 omnia
1115 2976 1152 3040 in
1177 2980 1271 3042 motu
1294 2996 1371 3055 esse,
1396 2997 1508 3042 secun-

455 3078 535 3146 dum
559 3077 777 3156 Heraclitum,
793 3083 828 3144 et
847 3078 964 3144 selsam
988 3078 1123 3145 omnino
1139 3077 1281 3144 Zenonis
1296 3079 1504 3158 sententiam,

453 3181 595 3248 dicentis
618 3180 774 3269 quoniam
797 3201 865 3247 non
894 3181 1060 3268 contingit
1086 3180 1211 3247 moveri
1234 3202 1339 3267 neque
1362 3181 1507 3247 senium

454 3282 659 3372 pertransire.

285 3400 434 3502 goffia
500 3387 599 3454 Parte
613 3387 680 3454 alia
702 3391 793 3454 stant
815 3407 960 3454 seorsum
982 3385 1178 3453 rusticorum
1201 3385 1337 3474 peculia,
1354 3406 1506 3475 agrorum

286 3507 444 3611 ffifflm
455 3490 686 3662 inbsetrppmeuta,
717 3511 792 3557 sues
827 3491 935 3579 longis
977 3489 1145 3571 lateribus,
1196 3511 1304 3558 vaceae
1353 3488 1506 3557 distentis

454 3613 478 3660 u
518 3616 548 3661 n
571 3613 665 3677 us,-··

533 3775 576 3815 *κ
592 3777 738 3864 Oorpora
759 3795 880 3862 magna
901 3774 1010 3857 boum,
1034 3775 1282 3862 lanigerumque
1304 3773 1431 3863 pecus.’'

501 3979 602 4048 Stant
616 3979 663 4045 ibi
686 3985 774 4067 aptas
795 3980 923 4062 aratris,
938 3979 1058 4059 trabis,
1073 3985 1108 4045 et
1122 3979 1209 4068 bigis
1224 4001 1317 4066 equae
1331 4003 1340 4060 ;
1362 4000 1507 4067 quarun-

455 4079 533 4150 dam
562 4087 695 4150 ventres
742 4082 878 4148 foetibus
916 4087 1128 4169 protumentr
1176 4082 1256 4148 alias
1287 4081 1368 4149 editi
1406 4081 1507 4148 foetus

455 4187 589 4271 obeunt,
616 4184 698 4275 pulli
722 4185 917 4264 lasciviores,
940 4186 1072 4274 sequela
1095 4184 1326 4274 inseparabilis.

909 4403 1502 4415 -a—--.-.=a--...-..--—---—-—uo-—---·--

490 4549 961 4618 ¹l¹hisw01uirl0u0wedsy“excos·
1035 4547 1045 4580 ⁸
1056 4547 1088 4598 In
1109 4541 1217 4600 allusion
1235 4553 1261 4598 to
1272 4545 1367 4612 virgil,
1382 4543 1506 4614 Georyica,

456 4637 472 4667 ⁸⁴
482 4636 555 4697 duta,
565 4644 589 4686 et
598 4633 672 4696 tini,”
683 4633 711 4684 in
721 4631 827 4698 Pegge’s
837 4629 949 4682 Edition.
1003 4628 1034 4678 B.
1047 4628 1096 4678 111.
1109 4627 1125 4679 l.
1138 4633 1177 4679 ⁵⁴.

489 4715 543 4766 'ln
562 4713 670 4766 abmiou
681 4720 707 4766 to
717 4711 825 4776 Horace,
836 4709 895 4763 B.I.
908 4707 962 4761 Ode
1036 4706 1084 4757 ‘A
1105 4705 1157 4756 line
1184 4706 1314 4758 borrovetl
1335 4707 1418 4774 partly
1440 4695 1505 4758 irum

457 4811 512 4848 vm
521 4794 538 4847 l.
551 4801 574 4848 6.
1003 4784 1148 4851 virgilano
1159 4785 1319 4853 partlystom
1331 4787 1406 4839 Ovidi
