3462 5836
240 889 282 956 14
299 901 383 956 unv.
400 883 453 972 11.]
477 896 643 954 sarronae
665 897 867 956 naamam
889 896 934 952 ar
955 895 1025 947 rsa
1048 895 1137 946 maa
1223 881 1285 950 351

281 1091 333 1160 De
363 1089 620 1158 vicecomitibus
654 1094 689 1158 et
725 1087 800 1156 aliis
827 1086 961 1156 ballivis
998 1086 1056 1172 qui
1079 1085 1215 1173 capiunt
1245 1105 1289 1156 ox

235 1215 304 1260 una
325 1198 421 1282 parte
452 1197 486 1258 st
523 1191 637 1260 altera.
684 1191 736 1260 De
762 1189 1023 1258 vicecomitibus
1057 1193 1092 1258 et
1125 1187 1198 1256 aliis
1229 1188 1287 1275 qui

236 1297 388 1366 denarios
413 1295 559 1382 ceperint
581 1295 625 1362 ab
647 1293 947 1372 excommunicatis,
972 1314 1015 1360 ne
1041 1297 1242 1380 caperentur.

281 1399 333 1466 De
363 1397 643 1486 Wappentachiis,
673 1396 849 1485 Tridingis,
873 1394 1073 1474 Hundredis,
1105 1394 1221 1482 positis
1245 1395 1288 1462 ad

235 1504 364 1570 firmam
394 1523 453 1590 per
483 1500 701 1568 Viceoomites
732 1499 788 1566 vel
824 1497 965 1566 ballivos
997 1519 1088 1580 suos3
1126 1503 1287 1585 qnantum

235 1606 350 1672 valent
387 1625 446 1691 per
483 1624 617 1683 annum,
660 1606 695 1670 et
732 1624 793 1690 pro
840 1606 966 1690 quanto
1012 1601 1121 1688 posita
1164 1600 1289 1670 fuerint

236 1707 384 1796 quolibet
417 1727 505 1772 anno
539 1706 582 1770 ad
613 1704 752 1784 firmem,
776 1709 923 1792 tempore
946 1704 1184 1776 vicecomitum
1206 1726 1289 1793 prm·

236 1811 408 1888 dictorum,
432 1815 469 1876 et
490 1831 550 1897 pro
573 1811 699 1896 quanto
722 1807 821 1874 modo
842 1808 952 1896 posita
974 1808 1051 1876 sint

281 1914 333 1980 De
353 1911 450 2002 prisia
473 1912 611 1982 Domini
633 1911 742 1998 Regis,
760 1911 833 1977 sive
857 1911 894 1978 in
916 1916 1014 1992 terra,
1039 1910 1109 1978 sive
1135 1913 1172 1980 ia
1194 1913 1288 1994 mari,

236 2017 366 2088 sivein
401 2037 488 2102 aqua
525 2015 622 2094 dulci,
648 2015 703 2082 vel
739 2015 774 2080 in
814 2013 1026 2083 libertatibus
1063 2016 1290 2102 spectantibus

204 2107 206 2111 ¹
236 2121 281 2186 ad
303 2123 412 2189 castra
426 2139 495 2197 sua,
518 2119 589 2184 sive
611 2116 654 2184 ad
677 2117 832 2185 civitates
853 2139 938 2198 suas,
954 2117 1025 2184 sive
1048 2119 1091 2184 ad
1112 2119 1290 2207 burgenses

236 2245 320 2302 suos,
344 2222 400 2289 vel
421 2223 457 2287 in
480 2221 555 2287 aliis
577 2220 684 2303 locis;
711 2242 785 2306 quae
822 2221 898 2300 sint,
923 2225 958 2289 et
980 2227 1143 2307 quantum
1165 2223 1287 2303 valent,

236 2327 360 2413 etquis
382 2347 421 2394 ea
436 2325 653 2412 occupaverit,
670 2323 837 2404 celaverit,
851 2323 905 2390 vel
919 2325 1138 2406 suffocaverit,
1157 2329 1192 2392 et
1215 2327 1289 2414 quis

236 2451 276 2497 ea
299 2429 430 2518 ceperit,
453 2427 716 2494 constabularius
738 2427 793 2494 vel
824 2426 918 2508 elius,
942 2432 977 2494 et
1000 2427 1080 2514 quid
1103 2427 1225 2498 valent.

281 2533 333 2599 De
377 2532 490 2620 parvis
527 2529 662 2596 ballivis
700 2529 950 2617 quibuscunque
992 2529 1191 2599 facientibus
1223 2553 1289 2598 cer-

237 2637 355 2704 visiam
393 2655 468 2722 qum
516 2637 656 2700 vocatur
704 2631 1047 2713 “Felesoauastalcss'
1093 2633 1290 2722 quandoque

238 2746 257 2780 “
271 2735 429 2818 aaut?
467 2741 508 2804 ut
545 2740 767 2823 extorqueant
813 2736 986 2822 pecuniam
1023 2759 1045 2804 a
1077 2738 1290 2828 sequentibus

238 2841 498 2909 Hundrcdorum
521 2844 691 2906 eteorum
714 2836 865 2904 subditis

281 2945 334 3011 De
356 2943 421 3010 hiis
451 2943 509 3030 qui
539 2963 607 3009 non
637 2941 766 3008 iaciunt
796 2941 977 3022 cervisiam,
1009 2942 1067 3010 sed
1096 2944 1216 3032 garbas
1253 2946 1290 3010 in

237 3052 398 3115 autumno
432 3044 721 3134 extorquentibus,
751 3045 786 3112 et
823 3043 925 3112 blada
960 3067 1142 3134 pauperum
1180 3048 1288 3113 detra-
1348 3093 1353 3108 .
1412 3076 1433 3110 a

237 3151 402 3218 bentibus.

283 3253 335 3320 De
358 3251 488 3320 catallis
510 3259 745 3319 extraneorum
768 3247 809 3316 de
831 3253 998 3336 potestate
1013 3249 1117 3339 Regis
1140 3251 1290 3320 Francia

238 3355 462 3437 existentium,
500 3355 606 3442 captis
636 3355 713 3420 dum
746 3353 821 3420 Rex
849 3352 916 3418 fnit
951 3353 988 3424 in
1018 3352 1187 3435 Vasconis,
1225 3379 1291 3444 quo

239 3459 441 3536 devenerint,
465 3457 580 3544 etqui
604 3478 644 3522 ea
665 3456 797 3522 habent.

283 3562 335 3628 De
357 3561 423 3628 biis
446 3561 503 3647 qui
525 3559 711 3627 levaverint
736 3580 927 3626 warrennas
950 3561 988 3626 in
1011 3561 1108 3628 terris
1130 3561 1198 3628 suis
1220 3563 1291 3630 sine

238 3669 412 3732 warranto.
451 3662 503 3729 De
514 3662 578 3728 hiis
589 3663 647 3750 qui
662 3663 832 3751 piscantur
847 3685 921 3729 cum
932 3662 1071 3730 kedellis
1086 3669 1121 3731 et
1132 3664 1289 3735 sarkeliis.

283 3766 336 3834 De
372 3765 631 3836 vicecomitibus
668 3771 706 3832 et
751 3766 825 3832 aliis
862 3763 996 3834 ballivis
1040 3767 1098 3854 qui
1143 3769 1290 3856 ceperint

238 3869 388 3937 denarios
411 3867 454 3934 ab
477 3867 543 3934 hiis
566 3868 624 3954 qui
646 3869 766 3936 rectcti
797 3867 922 3934 fuerint
945 3868 986 3936 de
1007 3875 1114 3936 morte
1136 3871 1288 3951 hominis,

238 3979 278 4040 nt
300 3973 508 4039 dimitterent
539 3993 593 4037 eos
626 3991 686 4058 per
717 3971 894 4058 pissinam,
927 3993 1002 4038 cum
1035 3995 1103 4040 nou
1141 3974 1209 4041 sint
1240 3997 1289 4040 rs·

235 4075 429 4166 piegiabiles
452 4073 524 4140 sine
548 4073 683 4162 speciali
706 4075 865 4140 mandato
888 4073 1027 4141 Domini
1049 4076 1156 4164 Regis

282 4178 335 4244 De
357 4176 614 4244 Vioeoomitibus
637 4181 671 4242 et
703 4177 778 4242 aliis
802 4177 935 4244 ballivis
968 4177 1025 4264 qui
1056 4179 1290 4266 imprisouave·

237 4282 307 4348 rint
321 4280 395 4347 iilos
416 4280 473 4367 qni
488 4280 606 4345 sectati
621 4284 701 4345 sunt
724 4279 764 4346 de
779 4279 950 4346 latrocinio
965 4301 1024 4368 per
1050 4289 1289 4350 sacramentum

237 4384 364 4474 patriae,
381 4389 415 4452 et
430 4383 504 4448 illos
518 4383 555 4452 in
569 4382 703 4469 prisona
724 4383 930 4449 detinuerint
952 4405 1121 4471 quousque
1142 4387 1290 4474 redemp-

236 4489 363 4555 tionem
385 4487 428 4552 eb
449 4485 515 4550 biis
537 4485 702 4572 ceperint,'
719 4489 760 4551 ut
785 4485 912 4574 possint
935 4487 1117 4575 replegiari,
1133 4510 1208 4556 cum
1231 4513 1289 4578 per

238 4592 346 4679 legem
373 4588 506 4676 Angliae
529 4589 622 4656 nulia
643 4589 870 4677 redemptione
905 4589 1055 4658 indenda
1081 4591 1206 4660 fircrint
1236 4617 1287 4661 re·

239 4693 438 4780 plegiabiles.

285 4795 337 4861 De
352 4794 609 4864 vicecomitibus
631 4799 666 4866 ot
688 4793 762 4862 aliis
779 4793 912 4866 ballivis
928 4797 985 4886 qui
1007 4797 1068 4881 bis,
1083 4799 1138 4866 vel
1160 4801 1289 4890 pluries,
