3600 5822
496 940 564 1009 sni
599 999 601 1004 .
834 950 938 1002 rinna
959 947 1206 1004 uuemmmurr.
1342 933 1506 1020 [ltnnu.
1521 949 1560 998 11.

497 1139 738 1208 vicecomitum
769 1139 916 1226 ejusdem
947 1137 1094 1206 civitatis
1116 1139 1317 1219 alternatim,
1341 1159 1464 1225 perse,
1488 1135 1560 1203 sine

499 1240 736 1310 Aldermannis
751 1263 810 1308 eeu
824 1241 1053 1323 sectatoribus,
1076 1241 1118 1308 de
1143 1239 1278 1328 placitis
1300 1241 1467 1329 praedietis
1481 1240 1560 1306 hac-

499 1353 597 1414 tenus
623 1345 833 1423 tenebantur,
857 1343 1093 1411 eodemmodo
1127 1365 1193 1430 quo
1226 1349 1375 1431 ternpore
1408 1343 1561 1431 praedicti

501 1448 639 1516 Domini
662 1445 763 1536 Regis
786 1446 931 1528 Ricardi,
958 1451 994 1514 et
1020 1451 1099 1512 ante
1124 1451 1255 1534 tempus
1289 1446 1436 1533 ejumem
1459 1444 1561 1530 Regis

502 1550 645 1632 Ricardi,
671 1555 784 1616 tenere
806 1553 1057 1618 consueverunt.

433 1682 446 1714 ο
547 1653 593 1722 Et
615 1651 725 1740 quaed
739 1652 928 1720 Articulum
950 1651 1139 1734 secundum,
1155 1652 1191 1718 in
1205 1651 1363 1739 proedicto
1376 1651 1470 1718 brevi
1484 1671 1562 1716 con-

352 1785 393 1818 00.
448 1733 469 1764 ⁵
503 1759 643 1835 aarum,
659 1754 994 1841 circumjaciam
1015 1775 1126 1820 eoram
1141 1754 1399 1822 vicecomitibus
1420 1753 1562 1820 seruies

501 1859 538 1924 in
562 1857 737 1944 Hustengo
759 1857 968 1944 corrigendis,
993 1861 1062 1936 etc,
1087 1857 1180 1938 dicit,
1207 1858 1297 1944 quod
1322 1857 1429 1944 Major
1451 1861 1485 1923 et
1501 1856 1560 1920 Al·

502 1960 676 2028 dermenni
698 1959 846 2026 civitatis
873 1958 1050 2046 praedieeae,
1079 1964 1114 2028 et
1138 1981 1252 2029 eorum
1284 1965 1502 2026 antecessores
1525 1963 1562 2024 et

502 2061 759 2150 praedecessores,
782 2062 818 2128 in
834 2061 1009 2150 Hustengo
1025 2062 1163 2128 Domini
1187 2063 1287 2150 Regis
1309 2062 1455 2130 civitatis
1477 2084 1561 2149 prae-

502 2167 601 2233 dictis
625 2163 814 2250 hujusmodi
832 2164 968 2251 judicia,
992 2186 1067 2230 cum
1090 2185 1180 2232 error
1202 2165 1239 2231 in
1264 2166 1389 2232 eisdem
1411 2165 1562 2232 invenia-

503 2273 567 2348 tur,
582 2267 780 2334 auctoritate
805 2267 957 2333 brevium
985 2267 1122 2334 Domini
1153 2266 1262 2356 Regis,
1287 2269 1334 2335 eis
1356 2268 1434 2334 indo
1458 2269 1561 2334 direc-

503 2375 622 2450 torum,
650 2370 828 2457 corrigunt,
852 2374 887 2436 et
909 2391 978 2436 non
999 2371 1199 2438 auctoritate
1221 2393 1291 2438 sua.

550 2473 596 2540 Et
618 2473 728 2560 quoad
750 2472 887 2546 tertium
902 2472 1098 2552 Articulum,
1122 2473 1255 2552 scilicet,
1273 2476 1314 2542 de
1328 2477 1562 2564 recognitioni·

503 2577 567 2644 bus
591 2575 778 2642 debitorum
800 2575 996 2664 recipiendis
1018 2577 1055 2642 in
1071 2576 1211 2643 Camera
1226 2578 1400 2662 Gildaulae,
1417 2586 1452 2647 et
1465 2587 1563 2648 extra

505 2677 649 2755 Curiam,
675 2681 743 2754 etc,
761 2677 852 2759 dicit,
875 2680 966 2767 quod
990 2677 1198 2748 Camerarius
1213 2686 1248 2748 et
1263 2681 1480 2750 aldermanni
1503 2706 1563 2751 eeu

505 2799 593 2844 unus
608 2778 853 2846 Alderrnannus
878 2780 1132 2864 Londoniarum‚
1150 2787 1185 2851 et
1207 2807 1320 2852 eorum
1343 2793 1564 2854 antecessores

504 2885 539 2950 et
561 2881 818 2969 praedecessores,
843 2905 864 2948 u
897 2887 1046 2972 tempore
1079 2908 1144 2972 quo
1169 2909 1237 2956 non
1268 2893 1364 2957 extat
1394 2893 1562 2972 memoria,

504 2984 648 3071 recipere
671 2989 914 3052 consueverunt
946 2988 1186 3074 recognitiones
1218 2991 1259 3056 de
1292 2993 1414 3060 debitis
1447 2996 1565 3081 nqui-

502 3088 693 3174 buscunque
724 3085 916 3156 volentibus
946 3110 986 3155 ea
1025 3111 1263 3178 recognoscere,
1297 3099 1394 3162 extra
1426 3095 1564 3164 Curiam

504 3189 674 3277 Hustengi
705 3195 741 3256 et
768 3190 1016 3272 vicecomitum,
1040 3193 1077 3260 in
1109 3193 1248 3264 Camere
1282 3195 1457 3280 Gildaulae,
1489 3223 1565 3287 quae

384 3339 389 3352 .
468 3339 474 3352 .
505 3300 557 3360 est
580 3292 671 3358 locus
697 3293 739 3359 ab
766 3293 905 3379 antiquo
932 3299 1092 3381 tanquam
1123 3296 1213 3364 locus
1237 3298 1347 3368 Ouriae
1369 3323 1429 3389 pro
1451 3303 1566 3389 hujus·

505 3395 597 3462 modi
620 3395 905 3481 recognitionibus
937 3397 1133 3485 recipiendis
1166 3399 1356 3488 deputatus,
1380 3411 1415 3472 et
1445 3427 1565 3474 exscu-

505 3496 632 3563 tionem
664 3497 741 3563 inde
776 3497 895 3578 facere,
917 3503 952 3564 et
983 3500 1095 3566 omnia
1126 3501 1276 3571 bonnet
1303 3507 1424 3573 catalla
1449 3508 1565 3596 hujus·

506 3597 597 3666 modi
625 3599 820 3678 debitorum,
849 3605 884 3666 et
906 3601 1118 3669 medietatem
1143 3609 1307 3673 terrarum
1329 3631 1473 3690 suarum,
1496 3633 1565 3679 cru-

506 3702 671 3771 ditoribus
693 3703 730 3767 in
755 3702 861 3768 forma
884 3703 1045 3789 praedicta
1066 3705 1214 3774 liberare
1262 3710 1309 3776 Et
1331 3733 1369 3777 eo
1394 3723 1565 3782 memento

506 3804 627 3871 clamat
651 3805 870 3870 communitas
884 3806 1049 3893 praedicta
1066 3810 1155 3894 quod
1172 3811 1273 3878 Curia
1299 3813 1395 3903 Regis
1418 3818 1566 3888 civitatis

506 3906 674 3995 praedictae
697 3907 734 3973 in
759 3907 934 3996 Hustengo
958 3908 1105 3976 civitatis
1138 3913 1286 3999 ejusdem
1304 3915 1434 4001 judicia
1454 3943 1565 3991 coram

507 4009 763 4076 Vicecomitibus
786 4009 926 4090 reddite,
951 4033 1026 4077 curn
1048 4035 1138 4080 error
1159 4015 1197 4080 in
1219 4017 1342 4085 eisdem
1364 4022 1564 4108 inveniatur,

507 4111 706 4178 auctoritate
728 4111 880 4178 brevium
896 4112 1033 4180 Domini
1057 4113 1166 4203 Regis,
1190 4119 1238 4186 eis
1252 4119 1331 4187 inde
1353 4123 1564 4212 directorum,

507 4213 682 4300 corrigant,
700 4217 738 4279 ut
752 4213 947 4301 praedietum
969 4221 1020 4282 est
1031 4243 1039 4299 ;
1062 4223 1098 4284 et
1120 4219 1229 4302 etiarn,
1253 4225 1341 4309 quod
1362 4227 1426 4314 ipsi
1448 4229 1484 4295 in
1501 4231 1565 4299 Oa-

508 4337 600 4382 mera
624 4315 788 4383 Gildaulae
809 4317 971 4404 praedicta
990 4321 1152 4408 recipiant
1174 4326 1415 4411 recognitiones
1437 4331 1567 4402 debito-

508 4440 591 4499 rum,
609 4424 643 4486 et
658 4419 884 4486 executionem
900 4420 979 4488 inde
993 4421 1124 4504 faciant,
1141 4424 1178 4490 in
1192 4426 1298 4496 forma
1319 4433 1485 4518 praedicta,
1501 4443 1565 4507 etc.

342 4636 449 4682 warni.
557 4614 577 4646 “
598 4607 794 4691 Edwardus,
818 4609 883 4678 Dei
904 4615 1024 4700 gratia,
1047 4621 1117 4696 etc,
1148 4617 1173 4684 J
1175 4622 1351 4691 usticiam'is
1374 4627 1443 4694 suis
1465 4629 1568 4696 itine-

340 4689 498 4792 ἶῖὶὲιῗᾱωῗίω,
512 4704 531 4748 ³‘
552 4713 703 4782 rantibus
732 4715 821 4800 apud
843 4713 975 4784 Turrim
1000 4718 1254 4806 Loudoniarum,
1279 4727 1430 4796 salutm.
1479 4731 1566 4802 corn
