3648 5816
629 877 737 932 neuun
758 881 803 932 on
825 881 1008 936 comnis
1301 873 1340 936 51

488 1109 537 1176 De
554 1107 730 1196 Gabitnbie
743 1109 961 1180 &mentonem
976 1111 1144 1182 Poleteioe.

338 1298 366 1364 Ι.
390 1299 443 1365 ΒΘ
470 1299 698 1366 Forsbnlleriis.

338 1399 382 1465 lI.
406 1399 459 1467 De
482 1401 593 1467 Pretio
617 1400 834 1469 Gnllinerum.

339 1503 405 1569 III.
429 1505 480 1569 ΒΘ
507 1503 616 1570 Aneis.

338 1603 423 1671 IIII.
448 1605 499 1671 De
523 1606 704 1672 Mallsrdis.

338 1707 376 1773 V.
400 1707 451 1774 De
479 1707 702 1794 Heyronibus.

338 1809 396 1875 VI.
420 1810 472 1875 ΒΘ
499 1809 661 1878 Oorluvis.

338 1911 417 1977 VII.
441 1912 492 1978 De
520 1911 697 1979 Cuniculis.

338 2013 436 2081 VIII.
461 2015 512 2081 ΒΘ
536 2015 709 2103 capreolis.

324 2285 488 2376 Capitulis
505 2265 750 2353 Ordinationes
766 2280 1118 2351 annnamrbonm
1133 2289 1307 2352 renovatae.

340 2459 365 2525 Ι.
388 2460 440 2527 ΒΘ
463 2458 665 2526 Nominibus
691 2457 936 2524 Ordineborum.

338 2560 386 2630 II.
408 2561 460 2628 ΒΘ
485 2561 690 2630 Gordewens
713 2563 749 2626 et
773 2558 930 2646 Bezeynn
956 2579 1023 2626 non
1044 2561 1277 2647 componendis
1307 2561 1343 2627 in

293 2666 404 2753 aliquo
427 2685 531 2753 opere

339 2768 407 2834 III.
430 2767 481 2834 ΒΘ
517 2765 842 2833 Meroendizenbibus
879 2766 916 2831 in
960 2767 1119 2853 praediebo
1150 2766 1265 2834 Offieio
1305 2767 1347 2833 de

292 2871 446 2939 liberbnbe
474 2869 720 2936 Londonierum
739 2889 807 2934 non
833 2867 1060 2936 existentibus.

337 2977 425 3044 IIII.
450 2977 502 3044 ΒΘ
530 2975 595 3042 hiis
617 2976 676 3064 qui
698 2975 792 3042 elesii
814 2979 893 3041 suni
917 2975 961 3042 sd
984 2974 1138 3042 Officium
1161 2975 1346 3042 custodien·
1390 2987 1486 3035 ΜΘ·

294 3079 381 3148 dum.

336 3185 375 3250 V.
398 3181 451 3248 ΒΘ
465 3181 667 3248 Nominibus
690 3179 824 3246 illorum
859 3179 918 3266 qui
945 3202 979 3246 ss
1009 3179 1135 3246 faciunt
1167 3181 1345 3270 Magistros

293 3285 331 3351 in
356 3284 515 3374 pmediebo
540 3282 664 3364 Officio,
681 3286 716 3348 et
738 3302 807 3347 non
829 3286 907 3347 suni
934 3282 975 3348 de
1002 3283 1195 3362 Commune,
1227 3283 1347 3369 Majori

293 3415 352 3482 per
365 3391 540 3480 piaediebos
556 3389 716 3456 Custodes
731 3389 977 3477 praesenbsndis.

338 3495 398 3561 VI.
421 3495 473 3561 ΒΘ
496 3491 707 3561 Sesrnmenbo
728 3491 960 3579 praedicbomm
977 3491 1159 3558 Ousbodum
1187 3492 1233 3557 ed'
1253 3491 1347 3557 Seru-

294 3599 416 3665 iinium
443 3595 623 3684 praenobabi
643 3593 752 3660 Offieii
772 3593 914 3660 fideliter
931 3593 1125 3658 seniendum.

339 3701 417 3766 VII.
442 3699 493 3765 ΒΘ
530 3697 794 3788 Congregebione
831 3695 868 3761 in
906 3693 1099 3783 praejudicio
1129 3693 1211 3760 dicei
1242 3692 1348 3761 Officii

294 3825 362 3870 non
385 3800 543 3869 faciende

340 4015 366 4083 I.
390 4018 441 4083 ΒΘ
468 4015 625 4084 Mensura
647 4015 837 4084 Sbreeomm
860 4015 901 4081 de
924 4013 1018 4082 Robis
1041 4015 1084 4082 ed
1113 4019 1260 4083 ceretius.

296 4171 461 4258 omnen
476 4145 660 4257 nenne
672 4169 966 4238 emuniens
973 4169 1077 4257 fans
1086 4191 1151 4258 pn
1164 4168 1351 4238 omnnem

363 4273 556 4343 Proboswm
576 4272 745 4342 Virmwm
759 4273 801 4340 de
815 4273 1010 4361 Ste'qeendiis
1026 4271 1282 4361 ominum.

341 4473 389 4541 II.
412 4472 463 4539 De
494 4473 645 4541 Seobellis
675 4473 897 4542 defendendis

342 4577 409 4643 III.
434 4577 486 4642 ΒΘ
511 4577 692 4664 Stipendiis
717 4574 1016 4664 Carpenbnriorum.

342 4677 432 4745 IIII.
455 4681 508 4746 De
539 4679 767 4748 Oaementuriis
796 4684 832 4746 et
861 4677 1052 4766 Togulariis,
1077 4681 1112 4744 eb
1143 4699 1255 4746 eorum
1278 4681 1352 4749 Ser-

298 4781 479 4850 vienbibus.

1150 4902 1174 4948 n
1199 4887 1219 4948 2
