<?xml version="1.0" encoding="UTF-8"?>
<!DOCTYPE html PUBLIC "-//W3C//DTD XHTML 1.0 Transitional//EN"
    "http://www.w3.org/TR/xhtml1/DTD/xhtml1-transitional.dtd">
<html xmlns="http://www.w3.org/1999/xhtml" xml:lang="en" lang="en">
 <head>
  <title>
</title>
<meta http-equiv="Content-Type" content="text/html;charset=utf-8" />
  <meta name='ocr-system' content='tesseract 3.04.00' />
  <meta name='ocr-capabilities' content='ocr_page ocr_carea ocr_par ocr_line ocrx_word'/>
</head>
<body>
  <div class='ocr_page' id='page_1' title='image "./munimentagildha05librgoog_0560.png"; bbox 0 0 3462 5836; ppageno 0'>
   <div class='ocr_carea' id='block_1_1' title="bbox 495 836 1537 928">
    <p class='ocr_par' dir='ltr' id='par_1_1' title="bbox 495 836 1537 928">
     <span class='ocr_line' id='line_1_1' title="bbox 495 836 1537 928; baseline -0.003 -23"><span class='ocrx_word' id='word_1_1' title='bbox 495 839 561 906; x_wconf 82' lang='lat'><strong>400</strong></span> <span class='ocrx_word' id='word_1_2' title='bbox 843 853 946 906; x_wconf 76' lang='lat' dir='ltr'><strong>unns</strong></span> <span class='ocrx_word' id='word_1_3' title='bbox 968 855 1216 908; x_wconf 73' lang='lat' dir='ltr'><strong>cusruusnuu</strong></span> <span class='ocrx_word' id='word_1_4' title='bbox 1345 836 1406 928; x_wconf 74' lang='lat'><strong>[14</strong></span> <span class='ocrx_word' id='word_1_5' title='bbox 1422 855 1496 905; x_wconf 80' lang='lat' dir='ltr'><strong>unu.</strong></span> <span class='ocrx_word' id='word_1_6' title='bbox 1510 853 1537 903; x_wconf 86' lang='lat'><strong>11.</strong></span> 
     </span>
    </p>
   </div>
   <div class='ocr_carea' id='block_1_2' title="bbox 495 1037 1660 1130">
    <p class='ocr_par' dir='ltr' id='par_1_2' title="bbox 495 1037 1660 1130">
     <span class='ocr_line' id='line_1_2' title="bbox 495 1037 1660 1130; baseline -0.006 -20"><span class='ocrx_word' id='word_1_7' title='bbox 495 1047 530 1110; x_wconf 86' lang='lat' dir='ltr'><strong>et</strong></span> <span class='ocrx_word' id='word_1_8' title='bbox 556 1042 599 1108; x_wconf 80' lang='lat' dir='ltr'><strong>ud</strong></span> <span class='ocrx_word' id='word_1_9' title='bbox 625 1041 798 1124; x_wconf 78' lang='lat' dir='ltr'><strong>retollism,</strong></span> <span class='ocrx_word' id='word_1_10' title='bbox 825 1042 1030 1130; x_wconf 73' lang='lat' dir='ltr'><strong>temporibus</strong></span> <span class='ocrx_word' id='word_1_11' title='bbox 1055 1045 1236 1126; x_wconf 75' lang='lat' dir='ltr'><strong>retrooctis</strong></span> <span class='ocrx_word' id='word_1_12' title='bbox 1264 1043 1395 1130; x_wconf 79' lang='lat' dir='ltr'><strong>ubsque</strong></span> <span class='ocrx_word' id='word_1_13' title='bbox 1420 1043 1537 1129; x_wconf 82' lang='lat' dir='ltr'><strong>impedi-</strong></span> <span class='ocrx_word' id='word_1_14' title='bbox 1658 1037 1660 1064; x_wconf 70' lang='lat'>³</span> 
     </span>
    </p>
   </div>
   <div class='ocr_carea' id='block_1_3' title="bbox 375 1143 1540 2769">
    <p class='ocr_par' dir='ltr' id='par_1_3' title="bbox 495 1143 1540 2053">
     <span class='ocr_line' id='line_1_3' title="bbox 496 1143 1538 1234; baseline -0.001 -24"><span class='ocrx_word' id='word_1_15' title='bbox 496 1151 608 1212; x_wconf 84' lang='lat' dir='ltr'><strong>mento</strong></span> <span class='ocrx_word' id='word_1_16' title='bbox 632 1144 844 1212; x_wconf 74' lang='lat' dir='ltr'><strong>vendiderint</strong></span> <span class='ocrx_word' id='word_1_17' title='bbox 880 1145 1035 1212; x_wconf 89' lang='lat' dir='ltr'><strong>omnibus</strong></span> <span class='ocrx_word' id='word_1_18' title='bbox 1065 1146 1256 1234; x_wconf 82' lang='lat' dir='ltr'><strong>hujumodi</strong></span> <span class='ocrx_word' id='word_1_19' title='bbox 1289 1145 1410 1212; x_wconf 71' lang='lat' dir='ltr'><strong>allecia</strong></span> <span class='ocrx_word' id='word_1_20' title='bbox 1433 1151 1467 1210; x_wconf 90' lang='lat' dir='ltr'><strong>et</strong></span> <span class='ocrx_word' id='word_1_21' title='bbox 1485 1143 1538 1209; x_wconf 78' lang='lat' dir='ltr'><strong>sliu</strong></span> 
     </span>
     <span class='ocr_line' id='line_1_4' title="bbox 495 1237 1539 1337; baseline -0.001 -24"><span class='ocrx_word' id='word_1_22' title='bbox 495 1269 617 1335; x_wconf 84' lang='lat' dir='ltr'><strong>genero</strong></span> <span class='ocrx_word' id='word_1_23' title='bbox 638 1237 780 1334; x_wconf 88' lang='lat' dir='ltr'><strong>piscium</strong></span> <span class='ocrx_word' id='word_1_24' title='bbox 801 1269 908 1314; x_wconf 84' lang='lat' dir='ltr'><strong>emere</strong></span> <span class='ocrx_word' id='word_1_25' title='bbox 933 1248 1132 1326; x_wconf 89' lang='lat' dir='ltr'><strong>volentibus,</strong></span> <span class='ocrx_word' id='word_1_26' title='bbox 1157 1271 1218 1337; x_wconf 85' lang='lat' dir='ltr'><strong>pro</strong></span> <span class='ocrx_word' id='word_1_27' title='bbox 1240 1250 1399 1316; x_wconf 71' lang='lat' dir='ltr'><strong>utilitate</strong></span> <span class='ocrx_word' id='word_1_28' title='bbox 1414 1253 1448 1314; x_wconf 86' lang='lat' dir='ltr'><strong>ot</strong></span> <span class='ocrx_word' id='word_1_29' title='bbox 1460 1247 1539 1312; x_wconf 71' lang='lat' dir='ltr'><strong>sisic</strong></span> 
     </span>
     <span class='ocr_line' id='line_1_5' title="bbox 495 1349 1538 1438; baseline -0.004 -22"><span class='ocrx_word' id='word_1_30' title='bbox 495 1355 608 1416; x_wconf 87' lang='lat' dir='ltr'><strong>mento</strong></span> <span class='ocrx_word' id='word_1_31' title='bbox 630 1349 735 1416; x_wconf 90' lang='lat' dir='ltr'><strong>totius</strong></span> <span class='ocrx_word' id='word_1_32' title='bbox 764 1349 880 1438; x_wconf 92' lang='lat' dir='ltr'><strong>populi</strong></span> <span class='ocrx_word' id='word_1_33' title='bbox 909 1351 947 1416; x_wconf 94' lang='lat' dir='ltr'><strong>in</strong></span> <span class='ocrx_word' id='word_1_34' title='bbox 976 1351 1068 1417; x_wconf 81' lang='lat' dir='ltr'><strong>dioto</strong></span> <span class='ocrx_word' id='word_1_35' title='bbox 1093 1353 1232 1420; x_wconf 79' lang='lat' dir='ltr'><strong>civitoto</strong></span> <span class='ocrx_word' id='word_1_36' title='bbox 1259 1349 1493 1418; x_wconf 78' lang='lat' dir='ltr'><strong>commorantis</strong></span> <span class='ocrx_word' id='word_1_37' title='bbox 1511 1353 1538 1413; x_wconf 87' lang='lat' dir='ltr'><strong>et</strong></span> 
     </span>
     <span class='ocr_line' id='line_1_6' title="bbox 501 1451 1540 1540; baseline -0.002 -22"><span class='ocrx_word' id='word_1_38' title='bbox 501 1453 543 1518; x_wconf 85' lang='lat' dir='ltr'><strong>nd</strong></span> <span class='ocrx_word' id='word_1_39' title='bbox 574 1451 712 1522; x_wconf 80' lang='lat' dir='ltr'><strong>eundem</strong></span> <span class='ocrx_word' id='word_1_40' title='bbox 742 1451 948 1534; x_wconf 84' lang='lat' dir='ltr'><strong>confluentis,</strong></span> <span class='ocrx_word' id='word_1_41' title='bbox 979 1453 1130 1540; x_wconf 78' lang='lat' dir='ltr'><strong>praedicti</strong></span> <span class='ocrx_word' id='word_1_42' title='bbox 1160 1453 1276 1520; x_wconf 76' lang='lat' dir='ltr'><strong>Homo</strong></span> <span class='ocrx_word' id='word_1_43' title='bbox 1309 1459 1347 1520; x_wconf 91' lang='lat' dir='ltr'><strong>ot</strong></span> <span class='ocrx_word' id='word_1_44' title='bbox 1376 1453 1434 1519; x_wconf 79' lang='lat' dir='ltr'><strong>ulii</strong></span> <span class='ocrx_word' id='word_1_45' title='bbox 1468 1452 1540 1537; x_wconf 88' lang='lat' dir='ltr'><strong>ipsos</strong></span> 
     </span>
     <span class='ocr_line' id='line_1_7' title="bbox 495 1552 1539 1642; baseline -0.002 -22"><span class='ocrx_word' id='word_1_46' title='bbox 495 1553 653 1620; x_wconf 82' lang='lat' dir='ltr'><strong>Thomsm</strong></span> <span class='ocrx_word' id='word_1_47' title='bbox 677 1552 848 1636; x_wconf 62' lang='lat' dir='ltr'><strong>Pikrrmnn,</strong></span> <span class='ocrx_word' id='word_1_48' title='bbox 865 1555 1057 1635; x_wconf 89' lang='lat' dir='ltr'><strong>Henricum,</strong></span> <span class='ocrx_word' id='word_1_49' title='bbox 1080 1561 1116 1623; x_wconf 89' lang='lat' dir='ltr'><strong>et</strong></span> <span class='ocrx_word' id='word_1_50' title='bbox 1137 1556 1341 1636; x_wconf 86' lang='lat' dir='ltr'><strong>Johnnnem,</strong></span> <span class='ocrx_word' id='word_1_51' title='bbox 1362 1556 1432 1642; x_wconf 78' lang='lat' dir='ltr'><strong>jum</strong></span> <span class='ocrx_word' id='word_1_52' title='bbox 1454 1554 1539 1639; x_wconf 90' lang='lat' dir='ltr'><strong>impe-</strong></span> 
     </span>
     <span class='ocr_line' id='line_1_8' title="bbox 496 1655 1539 1743; baseline -0.001 -21"><span class='ocrx_word' id='word_1_53' title='bbox 496 1655 661 1734; x_wconf 83' lang='lat' dir='ltr'><strong>diverunt,</strong></span> <span class='ocrx_word' id='word_1_54' title='bbox 673 1657 848 1743; x_wconf 75' lang='lat' dir='ltr'><strong>quominus</strong></span> <span class='ocrx_word' id='word_1_55' title='bbox 862 1657 963 1724; x_wconf 90' lang='lat' dir='ltr'><strong>iidem</strong></span> <span class='ocrx_word' id='word_1_56' title='bbox 978 1657 1129 1738; x_wconf 81' lang='lat' dir='ltr'><strong>Tbcmus,</strong></span> <span class='ocrx_word' id='word_1_57' title='bbox 1143 1657 1323 1739; x_wconf 78' lang='lat' dir='ltr'><strong>chricrrs,</strong></span> <span class='ocrx_word' id='word_1_58' title='bbox 1334 1664 1370 1725; x_wconf 87' lang='lat' dir='ltr'><strong>et</strong></span> <span class='ocrx_word' id='word_1_59' title='bbox 1380 1656 1539 1732; x_wconf 72' lang='lat' dir='ltr'><strong>lohannes,</strong></span> 
     </span>
     <span class='ocr_line' id='line_1_9' title="bbox 495 1757 1537 1849; baseline 0.002 -25"><span class='ocrx_word' id='word_1_60' title='bbox 495 1759 683 1842; x_wconf 87' lang='lat' dir='ltr'><strong>hujusmodi</strong></span> <span class='ocrx_word' id='word_1_61' title='bbox 705 1758 820 1826; x_wconf 83' lang='lat' dir='ltr'><strong>nllecio</strong></span> <span class='ocrx_word' id='word_1_62' title='bbox 845 1765 880 1827; x_wconf 91' lang='lat' dir='ltr'><strong>et</strong></span> <span class='ocrx_word' id='word_1_63' title='bbox 902 1759 969 1828; x_wconf 79' lang='lat' dir='ltr'><strong>ulis</strong></span> <span class='ocrx_word' id='word_1_64' title='bbox 997 1781 1119 1848; x_wconf 84' lang='lat' dir='ltr'><strong>genero</strong></span> <span class='ocrx_word' id='word_1_65' title='bbox 1147 1761 1291 1849; x_wconf 88' lang='lat' dir='ltr'><strong>piscium</strong></span> <span class='ocrx_word' id='word_1_66' title='bbox 1323 1761 1369 1828; x_wconf 85' lang='lat' dir='ltr'><strong>sd</strong></span> <span class='ocrx_word' id='word_1_67' title='bbox 1395 1757 1537 1826; x_wconf 75' lang='lat' dir='ltr'><strong>mutim</strong></span> 
     </span>
     <span class='ocr_line' id='line_1_10' title="bbox 497 1859 1536 1953; baseline 0.002 -27"><span class='ocrx_word' id='word_1_68' title='bbox 497 1860 618 1928; x_wconf 89' lang='lat' dir='ltr'><strong>ibidem</strong></span> <span class='ocrx_word' id='word_1_69' title='bbox 642 1860 785 1929; x_wconf 85' lang='lat' dir='ltr'><strong>vendere</strong></span> <span class='ocrx_word' id='word_1_70' title='bbox 807 1869 950 1950; x_wconf 77' lang='lat' dir='ltr'><strong>possent,</strong></span> <span class='ocrx_word' id='word_1_71' title='bbox 974 1863 1011 1930; x_wconf 93' lang='lat' dir='ltr'><strong>in</strong></span> <span class='ocrx_word' id='word_1_72' title='bbox 1033 1869 1262 1953; x_wconf 85' lang='lat' dir='ltr'><strong>contemptum</strong></span> <span class='ocrx_word' id='word_1_73' title='bbox 1288 1862 1430 1932; x_wconf 89' lang='lat' dir='ltr'><strong>Domini</strong></span> <span class='ocrx_word' id='word_1_74' title='bbox 1446 1859 1536 1945; x_wconf 76' lang='lat' dir='ltr'><strong>Regis</strong></span> 
     </span>
     <span class='ocr_line' id='line_1_11' title="bbox 496 1963 1537 2053; baseline 0.002 -24"><span class='ocrx_word' id='word_1_75' title='bbox 496 1969 531 2030; x_wconf 87' lang='lat' dir='ltr'><strong>ct</strong></span> <span class='ocrx_word' id='word_1_76' title='bbox 553 1985 655 2050; x_wconf 80' lang='lat' dir='ltr'><strong>grove</strong></span> <span class='ocrx_word' id='word_1_77' title='bbox 687 1964 847 2030; x_wconf 78' lang='lat' dir='ltr'><strong>domnum</strong></span> <span class='ocrx_word' id='word_1_78' title='bbox 881 1965 986 2032; x_wconf 85' lang='lat' dir='ltr'><strong>totius</strong></span> <span class='ocrx_word' id='word_1_79' title='bbox 1019 1966 1132 2053; x_wconf 91' lang='lat' dir='ltr'><strong>populi</strong></span> <span class='ocrx_word' id='word_1_80' title='bbox 1163 1967 1369 2034; x_wconf 80' lang='lat' dir='ltr'><strong>incivitate</strong></span> <span class='ocrx_word' id='word_1_81' title='bbox 1398 1963 1537 2053; x_wconf 78' lang='lat' dir='ltr'><strong>praediett</strong></span> 
     </span>
    </p>

    <p class='ocr_par' dir='ltr' id='par_1_4' title="bbox 375 2062 1537 2769">
     <span class='ocr_line' id='line_1_12' title="bbox 375 2062 1537 2152; baseline -0.003 -20"><span class='ocrx_word' id='word_1_82' title='bbox 375 2104 381 2116; x_wconf 90' lang='lat'><strong>·</strong></span> <span class='ocrx_word' id='word_1_83' title='bbox 457 2105 463 2118; x_wconf 92' lang='lat'><strong>·</strong></span> <span class='ocrx_word' id='word_1_84' title='bbox 496 2067 729 2134; x_wconf 76' lang='lat' dir='ltr'><strong>commorantis</strong></span> <span class='ocrx_word' id='word_1_85' title='bbox 752 2070 788 2132; x_wconf 89' lang='lat' dir='ltr'><strong>et</strong></span> <span class='ocrx_word' id='word_1_86' title='bbox 821 2068 865 2134; x_wconf 81' lang='lat' dir='ltr'><strong>od</strong></span> <span class='ocrx_word' id='word_1_87' title='bbox 902 2069 1041 2134; x_wconf 82' lang='lat' dir='ltr'><strong>eundem</strong></span> <span class='ocrx_word' id='word_1_88' title='bbox 1073 2068 1325 2148; x_wconf 87' lang='lat' dir='ltr'><strong>confluentium,</strong></span> <span class='ocrx_word' id='word_1_89' title='bbox 1369 2071 1405 2134; x_wconf 87' lang='lat' dir='ltr'><strong>et</strong></span> <span class='ocrx_word' id='word_1_90' title='bbox 1436 2062 1537 2152; x_wconf 80' lang='lat' dir='ltr'><strong>preju-</strong></span> 
     </span>
     <span class='ocr_line' id='line_1_13' title="bbox 496 2165 1536 2256; baseline -0.002 -22"><span class='ocrx_word' id='word_1_91' title='bbox 496 2167 619 2236; x_wconf 86' lang='lat' dir='ltr'><strong>dicium</strong></span> <span class='ocrx_word' id='word_1_92' title='bbox 641 2171 786 2256; x_wconf 89' lang='lat' dir='ltr'><strong>ipsorum</strong></span> <span class='ocrx_word' id='word_1_93' title='bbox 808 2169 944 2237; x_wconf 79' lang='lat' dir='ltr'><strong>Tbomae</strong></span> <span class='ocrx_word' id='word_1_94' title='bbox 959 2170 1132 2252; x_wconf 78' lang='lat' dir='ltr'><strong>Pikomnn,</strong></span> <span class='ocrx_word' id='word_1_95' title='bbox 1155 2171 1307 2252; x_wconf 87' lang='lat' dir='ltr'><strong>Henrici,</strong></span> <span class='ocrx_word' id='word_1_96' title='bbox 1324 2177 1361 2238; x_wconf 93' lang='lat' dir='ltr'><strong>et</strong></span> <span class='ocrx_word' id='word_1_97' title='bbox 1382 2165 1536 2236; x_wconf 82' lang='lat' dir='ltr'><strong>Johnnnis</strong></span> 
     </span>
     <span class='ocr_line' id='line_1_14' title="bbox 496 2269 1535 2361; baseline 0 -25"><span class='ocrx_word' id='word_1_98' title='bbox 496 2270 578 2336; x_wconf 82' lang='lat' dir='ltr'><strong>Ideo</strong></span> <span class='ocrx_word' id='word_1_99' title='bbox 604 2277 773 2358; x_wconf 81' lang='lat' dir='ltr'><strong>precntum</strong></span> <span class='ocrx_word' id='word_1_100' title='bbox 795 2277 845 2338; x_wconf 85' lang='lat' dir='ltr'><strong>est</strong></span> <span class='ocrx_word' id='word_1_101' title='bbox 868 2271 1132 2352; x_wconf 75' lang='lat' dir='ltr'><strong>vicecomitibus,</strong></span> <span class='ocrx_word' id='word_1_102' title='bbox 1156 2275 1245 2361; x_wconf 89' lang='lat' dir='ltr'><strong>quod</strong></span> <span class='ocrx_word' id='word_1_103' title='bbox 1267 2273 1388 2340; x_wconf 86' lang='lat' dir='ltr'><strong>venire</strong></span> <span class='ocrx_word' id='word_1_104' title='bbox 1409 2269 1535 2336; x_wconf 71' lang='lat' dir='ltr'><strong>fecerent</strong></span> 
     </span>
     <span class='ocr_line' id='line_1_15' title="bbox 495 2373 1531 2462; baseline 0.002 -22"><span class='ocrx_word' id='word_1_105' title='bbox 495 2373 670 2460; x_wconf 66' lang='lat' dir='ltr'><strong>predictos</strong></span> <span class='ocrx_word' id='word_1_106' title='bbox 694 2373 881 2441; x_wconf 79' lang='lat' dir='ltr'><strong>Homonem</strong></span> <span class='ocrx_word' id='word_1_107' title='bbox 915 2374 956 2440; x_wconf 88' lang='lat' dir='ltr'><strong>de</strong></span> <span class='ocrx_word' id='word_1_108' title='bbox 980 2373 1179 2462; x_wconf 82' lang='lat' dir='ltr'><strong>Chigewelle</strong></span> <span class='ocrx_word' id='word_1_109' title='bbox 1200 2381 1236 2442; x_wconf 92' lang='lat' dir='ltr'><strong>et</strong></span> <span class='ocrx_word' id='word_1_110' title='bbox 1272 2377 1359 2442; x_wconf 78' lang='lat' dir='ltr'><strong>alios</strong></span> <span class='ocrx_word' id='word_1_111' title='bbox 1389 2373 1448 2450; x_wconf 79' lang='lat' dir='ltr'><strong>hic</strong></span> <span class='ocrx_word' id='word_1_112' title='bbox 1476 2375 1531 2442; x_wconf 67' lang='lat' dir='ltr'><strong>eit.</strong></span> 
     </span>
     <span class='ocr_line' id='line_1_16' title="bbox 495 2470 1534 2565; baseline 0.001 -25"><span class='ocrx_word' id='word_1_113' title='bbox 495 2475 539 2540; x_wconf 80' lang='lat' dir='ltr'><strong>ed</strong></span> <span class='ocrx_word' id='word_1_114' title='bbox 570 2477 833 2564; x_wconf 85' lang='lat' dir='ltr'><strong>respondendum</strong></span> <span class='ocrx_word' id='word_1_115' title='bbox 863 2481 933 2542; x_wconf 81' lang='lat' dir='ltr'><strong>tum</strong></span> <span class='ocrx_word' id='word_1_116' title='bbox 964 2477 1107 2544; x_wconf 89' lang='lat' dir='ltr'><strong>Domino</strong></span> <span class='ocrx_word' id='word_1_117' title='bbox 1136 2477 1220 2565; x_wconf 84' lang='lat' dir='ltr'><strong>Regi</strong></span> <span class='ocrx_word' id='word_1_118' title='bbox 1251 2499 1356 2565; x_wconf 79' lang='lat' dir='ltr'><strong>quum</strong></span> <span class='ocrx_word' id='word_1_119' title='bbox 1389 2470 1534 2563; x_wconf 74' lang='lat' dir='ltr'><strong>praedicllfl</strong></span> 
     </span>
     <span class='ocr_line' id='line_1_17' title="bbox 496 2571 1533 2666; baseline 0.002 -24"><span class='ocrx_word' id='word_1_120' title='bbox 496 2576 631 2644; x_wconf 82' lang='lat' dir='ltr'><strong>Thomae</strong></span> <span class='ocrx_word' id='word_1_121' title='bbox 654 2577 826 2658; x_wconf 80' lang='lat' dir='ltr'><strong>Pikemcn,</strong></span> <span class='ocrx_word' id='word_1_122' title='bbox 863 2579 1017 2658; x_wconf 88' lang='lat' dir='ltr'><strong>Henrico,</strong></span> <span class='ocrx_word' id='word_1_123' title='bbox 1049 2585 1084 2646; x_wconf 91' lang='lat' dir='ltr'><strong>et</strong></span> <span class='ocrx_word' id='word_1_124' title='bbox 1114 2579 1273 2660; x_wconf 81' lang='lat' dir='ltr'><strong>Johnnni,</strong></span> <span class='ocrx_word' id='word_1_125' title='bbox 1315 2581 1358 2648; x_wconf 88' lang='lat' dir='ltr'><strong>de</strong></span> <span class='ocrx_word' id='word_1_126' title='bbox 1387 2571 1533 2666; x_wconf 70' lang='lat' dir='ltr'><strong>prmdictis</strong></span> 
     </span>
     <span class='ocr_line' id='line_1_18' title="bbox 496 2679 1176 2769; baseline 0.006 -25"><span class='ocrx_word' id='word_1_127' title='bbox 496 2679 813 2766; x_wconf 72' lang='lat' dir='ltr'><strong>transgressionibus</strong></span> <span class='ocrx_word' id='word_1_128' title='bbox 836 2686 870 2748; x_wconf 88' lang='lat' dir='ltr'><strong>et</strong></span> <span class='ocrx_word' id='word_1_129' title='bbox 892 2685 1094 2769; x_wconf 88' lang='lat' dir='ltr'><strong>contemptu,</strong></span> <span class='ocrx_word' id='word_1_130' title='bbox 1117 2687 1176 2748; x_wconf 83' lang='lat' dir='ltr'><strong>etc</strong></span> 
     </span>
    </p>
   </div>
   <div class='ocr_carea' id='block_1_4' title="bbox 328 2763 1531 2911">
    <p class='ocr_par' dir='ltr' id='par_1_5' title="bbox 328 2763 1531 2911">
     <span class='ocr_line' id='line_1_19' title="bbox 328 2763 1531 2911; baseline -0.007 -62"><span class='ocrx_word' id='word_1_131' title='bbox 328 2763 477 2911; x_wconf 50' lang='lat' dir='ltr'><strong>ffiffioe</strong></span> <span class='ocrx_word' id='word_1_132' title='bbox 540 2779 586 2846; x_wconf 87' lang='lat' dir='ltr'><strong>Et</strong></span> <span class='ocrx_word' id='word_1_133' title='bbox 623 2780 722 2848; x_wconf 90' lang='lat' dir='ltr'><strong>modo</strong></span> <span class='ocrx_word' id='word_1_134' title='bbox 759 2783 900 2850; x_wconf 89' lang='lat' dir='ltr'><strong>veniunt</strong></span> <span class='ocrx_word' id='word_1_135' title='bbox 937 2783 1088 2871; x_wconf 87' lang='lat' dir='ltr'><strong>praedicti</strong></span> <span class='ocrx_word' id='word_1_136' title='bbox 1121 2783 1233 2850; x_wconf 81' lang='lat' dir='ltr'><strong>Homo</strong></span> <span class='ocrx_word' id='word_1_137' title='bbox 1270 2789 1305 2852; x_wconf 91' lang='lat' dir='ltr'><strong>et</strong></span> <span class='ocrx_word' id='word_1_138' title='bbox 1341 2785 1408 2863; x_wconf 77' lang='lat' dir='ltr'><strong>alii,</strong></span> <span class='ocrx_word' id='word_1_139' title='bbox 1430 2785 1461 2848; x_wconf 89' lang='lat' dir='ltr'><strong>et</strong></span> <span class='ocrx_word' id='word_1_140' title='bbox 1487 2777 1531 2842; x_wconf 90' lang='lat' dir='ltr'><strong>de-</strong></span> 
     </span>
    </p>
   </div>
   <div class='ocr_carea' id='block_1_5' title="bbox 328 2882 1658 2978">
    <p class='ocr_par' dir='ltr' id='par_1_6' title="bbox 328 2882 1658 2978">
     <span class='ocr_line' id='line_1_20' title="bbox 328 2882 1658 2978; baseline -0.005 -27"><span class='ocrx_word' id='word_1_141' title='bbox 328 2916 454 2962; x_wconf 49' lang='lat' dir='ltr'><strong>um,</strong></span> <span class='ocrx_word' id='word_1_142' title='bbox 494 2883 637 2950; x_wconf 70' lang='lat' dir='ltr'><strong>tondunt</strong></span> <span class='ocrx_word' id='word_1_143' title='bbox 659 2883 729 2949; x_wconf 90' lang='lat' dir='ltr'><strong>vim</strong></span> <span class='ocrx_word' id='word_1_144' title='bbox 744 2888 780 2950; x_wconf 86' lang='lat' dir='ltr'><strong>et</strong></span> <span class='ocrx_word' id='word_1_145' title='bbox 802 2885 968 2970; x_wconf 80' lang='lat' dir='ltr'><strong>injurium,</strong></span> <span class='ocrx_word' id='word_1_146' title='bbox 990 2885 1130 2973; x_wconf 82' lang='lat' dir='ltr'><strong>quondo,</strong></span> <span class='ocrx_word' id='word_1_147' title='bbox 1148 2892 1208 2953; x_wconf 80' lang='lat' dir='ltr'><strong>etc</strong></span> <span class='ocrx_word' id='word_1_148' title='bbox 1254 2887 1302 2954; x_wconf 86' lang='lat' dir='ltr'><strong>Et</strong></span> <span class='ocrx_word' id='word_1_149' title='bbox 1325 2889 1415 2956; x_wconf 87' lang='lat' dir='ltr'><strong>idem</strong></span> <span class='ocrx_word' id='word_1_150' title='bbox 1439 2882 1531 2948; x_wconf 79' lang='lat' dir='ltr'><strong>Homo</strong></span> <span class='ocrx_word' id='word_1_151' title='bbox 1657 2959 1658 2978; x_wconf 19' lang='lat' dir='ltr'>E</span> 
     </span>
    </p>
   </div>
   <div class='ocr_carea' id='block_1_6' title="bbox 327 2967 1657 3315">
    <p class='ocr_par' dir='ltr' id='par_1_7' title="bbox 327 2967 1657 3315">
     <span class='ocr_line' id='line_1_21' title="bbox 327 2967 1530 3078; baseline -0.019 -6"><span class='ocrx_word' id='word_1_152' title='bbox 327 2967 470 3072; x_wconf 52' lang='lat' dir='ltr'><strong>duffii,</strong></span> <span class='ocrx_word' id='word_1_153' title='bbox 495 3007 554 3074; x_wconf 85' lang='lat' dir='ltr'><strong>pro</strong></span> <span class='ocrx_word' id='word_1_154' title='bbox 577 2986 682 3074; x_wconf 89' lang='lat' dir='ltr'><strong>seipso</strong></span> <span class='ocrx_word' id='word_1_155' title='bbox 714 2987 900 3074; x_wconf 75' lang='lat' dir='ltr'><strong>respondet,</strong></span> <span class='ocrx_word' id='word_1_156' title='bbox 924 2993 959 3054; x_wconf 88' lang='lat' dir='ltr'><strong>et</strong></span> <span class='ocrx_word' id='word_1_157' title='bbox 991 2989 1074 3055; x_wconf 84' lang='lat' dir='ltr'><strong>dicit</strong></span> <span class='ocrx_word' id='word_1_158' title='bbox 1097 2989 1186 3076; x_wconf 89' lang='lat' dir='ltr'><strong>quod</strong></span> <span class='ocrx_word' id='word_1_159' title='bbox 1208 3009 1295 3054; x_wconf 77' lang='lat' dir='ltr'><strong>enno</strong></span> <span class='ocrx_word' id='word_1_160' title='bbox 1332 2988 1427 3078; x_wconf 77' lang='lat' dir='ltr'><strong>regni</strong></span> <span class='ocrx_word' id='word_1_161' title='bbox 1448 2980 1530 3068; x_wconf 75' lang='lat' dir='ltr'><strong>Reg‘fl</strong></span> 
     </span>
     <span class='ocr_line' id='line_1_22' title="bbox 328 3069 1529 3178; baseline -0.008 -21"><span class='ocrx_word' id='word_1_162' title='bbox 328 3069 476 3165; x_wconf 59' lang='lat' dir='ltr'><strong>iibffls</strong></span> <span class='ocrx_word' id='word_1_163' title='bbox 494 3111 583 3155; x_wconf 90' lang='lat' dir='ltr'><strong>nunc</strong></span> <span class='ocrx_word' id='word_1_164' title='bbox 605 3088 681 3154; x_wconf 88' lang='lat' dir='ltr'><strong>xiii⁰</strong></span> <span class='ocrx_word' id='word_1_165' title='bbox 704 3089 771 3154; x_wconf 83' lang='lat' dir='ltr'><strong>fuit</strong></span> <span class='ocrx_word' id='word_1_166' title='bbox 800 3089 907 3176; x_wconf 79' lang='lat' dir='ltr'><strong>Major</strong></span> <span class='ocrx_word' id='word_1_167' title='bbox 940 3091 1088 3158; x_wconf 72' lang='lat' dir='ltr'><strong>civitatis</strong></span> <span class='ocrx_word' id='word_1_168' title='bbox 1119 3091 1312 3178; x_wconf 78' lang='lat' dir='ltr'><strong>praedictae3</strong></span> <span class='ocrx_word' id='word_1_169' title='bbox 1351 3087 1529 3159; x_wconf 65' lang='lat' dir='ltr'><strong>auctoritate</strong></span> 
     </span>
     <span class='ocr_line' id='line_1_23' title="bbox 327 3169 1657 3315; baseline -0.006 -51"><span class='ocrx_word' id='word_1_170' title='bbox 327 3169 475 3315; x_wconf 55' lang='lat' dir='ltr'><strong>lmupuitl&#39;d</strong></span> <span class='ocrx_word' id='word_1_171' title='bbox 495 3193 588 3279; x_wconf 88' lang='lat' dir='ltr'><strong>cujus</strong></span> <span class='ocrx_word' id='word_1_172' title='bbox 611 3190 717 3270; x_wconf 89' lang='lat' dir='ltr'><strong>officii,</strong></span> <span class='ocrx_word' id='word_1_173' title='bbox 742 3196 776 3258; x_wconf 89' lang='lat' dir='ltr'><strong>et</strong></span> <span class='ocrx_word' id='word_1_174' title='bbox 791 3192 893 3258; x_wconf 84' lang='lat' dir='ltr'><strong>etium</strong></span> <span class='ocrx_word' id='word_1_175' title='bbox 908 3193 1109 3261; x_wconf 72' lang='lat' dir='ltr'><strong>auctoritate</strong></span> <span class='ocrx_word' id='word_1_176' title='bbox 1131 3194 1302 3281; x_wconf 77' lang='lat' dir='ltr'><strong>cujusdam</strong></span> <span class='ocrx_word' id='word_1_177' title='bbox 1325 3193 1435 3262; x_wconf 84' lang='lat' dir='ltr'><strong>brevis</strong></span> <span class='ocrx_word' id='word_1_178' title='bbox 1454 3183 1531 3273; x_wconf 82' lang='lat' dir='ltr'><strong>regii,</strong></span> <span class='ocrx_word' id='word_1_179' title='bbox 1656 3233 1657 3240; x_wconf 51' lang='lat'><strong>,</strong></span> 
     </span>
    </p>
   </div>
   <div class='ocr_carea' id='block_1_7' title="bbox 327 3271 1530 3384">
    <p class='ocr_par' dir='ltr' id='par_1_8' title="bbox 327 3271 1530 3384">
     <span class='ocr_line' id='line_1_24' title="bbox 327 3271 1530 3384; baseline -0.01 -19"><span class='ocrx_word' id='word_1_180' title='bbox 327 3271 466 3365; x_wconf 56' lang='lat' dir='ltr'><strong>{tudda</strong></span> <span class='ocrx_word' id='word_1_181' title='bbox 495 3294 558 3358; x_wconf 92' lang='lat' dir='ltr'><strong>sibi</strong></span> <span class='ocrx_word' id='word_1_182' title='bbox 595 3297 677 3360; x_wconf 87' lang='lat' dir='ltr'><strong>tuuc</strong></span> <span class='ocrx_word' id='word_1_183' title='bbox 714 3293 839 3372; x_wconf 87' lang='lat' dir='ltr'><strong>directi,</strong></span> <span class='ocrx_word' id='word_1_184' title='bbox 879 3295 967 3383; x_wconf 84' lang='lat' dir='ltr'><strong>oepit</strong></span> <span class='ocrx_word' id='word_1_185' title='bbox 996 3295 1067 3382; x_wconf 84' lang='lat' dir='ltr'><strong>ipso</strong></span> <span class='ocrx_word' id='word_1_186' title='bbox 1100 3301 1251 3384; x_wconf 86' lang='lat' dir='ltr'><strong>tompore</strong></span> <span class='ocrx_word' id='word_1_187' title='bbox 1288 3297 1348 3365; x_wconf 92' lang='lat' dir='ltr'><strong>illo</strong></span> <span class='ocrx_word' id='word_1_188' title='bbox 1381 3291 1530 3384; x_wconf 80' lang='lat' dir='ltr'><strong>quondum</strong></span> 
     </span>
    </p>
   </div>
   <div class='ocr_carea' id='block_1_8' title="bbox 326 3372 1531 3526">
    <p class='ocr_par' dir='ltr' id='par_1_9' title="bbox 326 3372 1531 3526">
     <span class='ocr_line' id='line_1_25' title="bbox 326 3372 1531 3526; baseline -0.012 -58"><span class='ocrx_word' id='word_1_189' title='bbox 326 3372 474 3526; x_wconf 40' lang='lat' dir='ltr'><strong>iffi&amp;</strong></span> <span class='ocrx_word' id='word_1_190' title='bbox 496 3395 750 3483; x_wconf 87' lang='lat' dir='ltr'><strong>Inquisitionem</strong></span> <span class='ocrx_word' id='word_1_191' title='bbox 787 3418 885 3484; x_wconf 91' lang='lat' dir='ltr'><strong>super</strong></span> <span class='ocrx_word' id='word_1_192' title='bbox 931 3396 1079 3464; x_wconf 81' lang='lat' dir='ltr'><strong>articulis</strong></span> <span class='ocrx_word' id='word_1_193' title='bbox 1116 3397 1258 3466; x_wconf 89' lang='lat' dir='ltr'><strong>officium</strong></span> <span class='ocrx_word' id='word_1_194' title='bbox 1292 3397 1531 3488; x_wconf 79' lang='lat' dir='ltr'><strong>piscensriorum</strong></span> 
     </span>
    </p>
   </div>
   <div class='ocr_carea' id='block_1_9' title="bbox 326 3491 1658 3693">
    <p class='ocr_par' dir='ltr' id='par_1_10' title="bbox 326 3491 1658 3693">
     <span class='ocr_line' id='line_1_26' title="bbox 327 3491 1658 3591; baseline -0.009 -25"><span class='ocrx_word' id='word_1_195' title='bbox 327 3522 456 3568; x_wconf 66' lang='lat' dir='ltr'><strong>sonmo</strong></span> <span class='ocrx_word' id='word_1_196' title='bbox 494 3497 644 3565; x_wconf 77' lang='lat' dir='ltr'><strong>crvitotis</strong></span> <span class='ocrx_word' id='word_1_197' title='bbox 677 3497 846 3586; x_wconf 82' lang='lat' dir='ltr'><strong>praediotae</strong></span> <span class='ocrx_word' id='word_1_198' title='bbox 870 3499 1096 3587; x_wconf 77' lang='lat' dir='ltr'><strong>tangentibus,</strong></span> <span class='ocrx_word' id='word_1_199' title='bbox 1120 3506 1191 3568; x_wconf 82' lang='lat' dir='ltr'><strong>tem</strong></span> <span class='ocrx_word' id='word_1_200' title='bbox 1206 3523 1266 3590; x_wconf 88' lang='lat' dir='ltr'><strong>per</strong></span> <span class='ocrx_word' id='word_1_201' title='bbox 1286 3499 1479 3591; x_wconf 80' lang='lat' dir='ltr'><strong>pisconcrios</strong></span> <span class='ocrx_word' id='word_1_202' title='bbox 1498 3491 1531 3556; x_wconf 92' lang='lat' dir='ltr'><strong>de</strong></span> <span class='ocrx_word' id='word_1_203' title='bbox 1656 3519 1658 3572; x_wconf 49' lang='grc' dir='ltr'><strong>χ</strong></span> 
     </span>
     <span class='ocr_line' id='line_1_27' title="bbox 326 3573 1657 3693; baseline -0.014 -21"><span class='ocrx_word' id='word_1_204' title='bbox 326 3573 452 3678; x_wconf 49' lang='lat' dir='ltr'><strong>immillo</strong></span> <span class='ocrx_word' id='word_1_205' title='bbox 495 3599 584 3666; x_wconf 80' lang='lat' dir='ltr'><strong>Kaio</strong></span> <span class='ocrx_word' id='word_1_206' title='bbox 605 3601 764 3687; x_wconf 79' lang='lat' dir='ltr'><strong>praedicto</strong></span> <span class='ocrx_word' id='word_1_207' title='bbox 787 3622 887 3687; x_wconf 82' lang='lat' dir='ltr'><strong>quom</strong></span> <span class='ocrx_word' id='word_1_208' title='bbox 910 3622 970 3689; x_wconf 88' lang='lat' dir='ltr'><strong>per</strong></span> <span class='ocrx_word' id='word_1_209' title='bbox 1006 3603 1110 3684; x_wconf 82' lang='lat' dir='ltr'><strong>ulios3</strong></span> <span class='ocrx_word' id='word_1_210' title='bbox 1143 3625 1323 3693; x_wconf 71' lang='lat' dir='ltr'><strong>perquam</strong></span> <span class='ocrx_word' id='word_1_211' title='bbox 1345 3603 1531 3690; x_wconf 76' lang='lat' dir='ltr'><strong>00mpertum</strong></span> <span class='ocrx_word' id='word_1_212' title='bbox 1655 3635 1657 3682; x_wconf 36' lang='lat' dir='ltr'><strong>p</strong></span> 
     </span>
    </p>
   </div>
   <div class='ocr_carea' id='block_1_10' title="bbox 493 3693 1531 3892">
    <p class='ocr_par' dir='ltr' id='par_1_11' title="bbox 493 3693 1531 3892">
     <span class='ocr_line' id='line_1_28' title="bbox 493 3693 1531 3794; baseline 0.008 -27"><span class='ocrx_word' id='word_1_213' title='bbox 493 3701 570 3782; x_wconf 83' lang='lat' dir='ltr'><strong>fuit,</strong></span> <span class='ocrx_word' id='word_1_214' title='bbox 597 3702 686 3787; x_wconf 92' lang='lat' dir='ltr'><strong>quod</strong></span> <span class='ocrx_word' id='word_1_215' title='bbox 708 3703 736 3767; x_wconf 92' lang='lat' dir='ltr'><strong>si</strong></span> <span class='ocrx_word' id='word_1_216' title='bbox 764 3702 878 3769; x_wconf 76' lang='lat' dir='ltr'><strong>allecia</strong></span> <span class='ocrx_word' id='word_1_217' title='bbox 900 3724 957 3769; x_wconf 84' lang='lat' dir='ltr'><strong>scu</strong></span> <span class='ocrx_word' id='word_1_218' title='bbox 988 3703 1054 3770; x_wconf 86' lang='lat' dir='ltr'><strong>ulio</strong></span> <span class='ocrx_word' id='word_1_219' title='bbox 1075 3727 1198 3793; x_wconf 80' lang='lat' dir='ltr'><strong>genere</strong></span> <span class='ocrx_word' id='word_1_220' title='bbox 1219 3707 1365 3794; x_wconf 75' lang='lat' dir='ltr'><strong>piscium,</strong></span> <span class='ocrx_word' id='word_1_221' title='bbox 1390 3706 1469 3773; x_wconf 69' lang='lat' dir='ltr'><strong>salsa</strong></span> <span class='ocrx_word' id='word_1_222' title='bbox 1487 3693 1531 3764; x_wconf 67' lang='lat' dir='ltr'><strong>Vel</strong></span> 
     </span>
     <span class='ocr_line' id='line_1_29' title="bbox 493 3803 1530 3892; baseline 0.005 -22"><span class='ocrx_word' id='word_1_223' title='bbox 493 3803 600 3886; x_wconf 79' lang='lat' dir='ltr'><strong>frison,</strong></span> <span class='ocrx_word' id='word_1_224' title='bbox 624 3824 722 3891; x_wconf 86' lang='lat' dir='ltr'><strong>super</strong></span> <span class='ocrx_word' id='word_1_225' title='bbox 738 3803 859 3869; x_wconf 84' lang='lat' dir='ltr'><strong>Kniom</strong></span> <span class='ocrx_word' id='word_1_226' title='bbox 875 3805 1066 3892; x_wconf 77' lang='lat' dir='ltr'><strong>praedictum</strong></span> <span class='ocrx_word' id='word_1_227' title='bbox 1081 3808 1125 3874; x_wconf 82' lang='lat' dir='ltr'><strong>cd</strong></span> <span class='ocrx_word' id='word_1_228' title='bbox 1139 3809 1302 3875; x_wconf 73' lang='lat' dir='ltr'><strong>rebellium</strong></span> <span class='ocrx_word' id='word_1_229' title='bbox 1316 3807 1530 3878; x_wconf 76' lang='lat' dir='ltr'><strong>venderentur,</strong></span> 
     </span>
    </p>
   </div>
   <div class='ocr_carea' id='block_1_11' title="bbox 493 3905 1658 4304">
    <p class='ocr_par' dir='ltr' id='par_1_12' title="bbox 493 3905 1658 4304">
     <span class='ocr_line' id='line_1_30' title="bbox 497 3905 1658 4000; baseline -0.003 -28"><span class='ocrx_word' id='word_1_230' title='bbox 497 3906 560 3972; x_wconf 91' lang='lat' dir='ltr'><strong>hoc</strong></span> <span class='ocrx_word' id='word_1_231' title='bbox 583 3911 669 3972; x_wconf 85' lang='lat' dir='ltr'><strong>essct</strong></span> <span class='ocrx_word' id='word_1_232' title='bbox 691 3905 735 3971; x_wconf 82' lang='lat' dir='ltr'><strong>ed</strong></span> <span class='ocrx_word' id='word_1_233' title='bbox 756 3926 858 3992; x_wconf 82' lang='lat' dir='ltr'><strong>grove</strong></span> <span class='ocrx_word' id='word_1_234' title='bbox 885 3906 1044 3974; x_wconf 74' lang='lat' dir='ltr'><strong>damnum</strong></span> <span class='ocrx_word' id='word_1_235' title='bbox 1067 3913 1137 3976; x_wconf 81' lang='lat' dir='ltr'><strong>tom</strong></span> <span class='ocrx_word' id='word_1_236' title='bbox 1164 3909 1302 3977; x_wconf 91' lang='lat' dir='ltr'><strong>Domini</strong></span> <span class='ocrx_word' id='word_1_237' title='bbox 1328 3911 1427 4000; x_wconf 87' lang='lat' dir='ltr'><strong>Regis</strong></span> <span class='ocrx_word' id='word_1_238' title='bbox 1446 3921 1530 3994; x_wconf 74' lang='lat' dir='ltr'><strong>quem</strong></span> <span class='ocrx_word' id='word_1_239' title='bbox 1657 3967 1658 3992; x_wconf 65' lang='lat'><strong>,</strong></span> 
     </span>
     <span class='ocr_line' id='line_1_31' title="bbox 494 4005 1657 4098; baseline 0 -23"><span class='ocrx_word' id='word_1_240' title='bbox 494 4009 598 4075; x_wconf 88' lang='lat' dir='ltr'><strong>totius</strong></span> <span class='ocrx_word' id='word_1_241' title='bbox 639 4009 753 4096; x_wconf 90' lang='lat' dir='ltr'><strong>populi</strong></span> <span class='ocrx_word' id='word_1_242' title='bbox 797 4007 835 4073; x_wconf 88' lang='lat' dir='ltr'><strong>in</strong></span> <span class='ocrx_word' id='word_1_243' title='bbox 872 4009 1011 4077; x_wconf 80' lang='lat' dir='ltr'><strong>civitote</strong></span> <span class='ocrx_word' id='word_1_244' title='bbox 1043 4013 1203 4098; x_wconf 69' lang='lat' dir='ltr'><strong>prodicta</strong></span> <span class='ocrx_word' id='word_1_245' title='bbox 1236 4011 1464 4081; x_wconf 78' lang='lat' dir='ltr'><strong>commorantis</strong></span> <span class='ocrx_word' id='word_1_246' title='bbox 1502 4005 1531 4068; x_wconf 76' lang='lat' dir='ltr'><strong>el</strong></span> <span class='ocrx_word' id='word_1_247' title='bbox 1655 4005 1657 4038; x_wconf 65' lang='lat'><strong><em>⁵</em></strong></span> 
     </span>
     <span class='ocr_line' id='line_1_32' title="bbox 494 4109 1658 4201; baseline 0.002 -25"><span class='ocrx_word' id='word_1_248' title='bbox 494 4111 536 4176; x_wconf 86' lang='lat' dir='ltr'><strong>od</strong></span> <span class='ocrx_word' id='word_1_249' title='bbox 556 4110 695 4176; x_wconf 85' lang='lat' dir='ltr'><strong>eundem</strong></span> <span class='ocrx_word' id='word_1_250' title='bbox 718 4109 964 4180; x_wconf 85' lang='lat' dir='ltr'><strong>confluentium</strong></span> <span class='ocrx_word' id='word_1_251' title='bbox 1012 4111 1077 4180; x_wconf 84' lang='lat' dir='ltr'><strong>Per</strong></span> <span class='ocrx_word' id='word_1_252' title='bbox 1100 4115 1197 4201; x_wconf 84' lang='lat' dir='ltr'><strong>quod,</strong></span> <span class='ocrx_word' id='word_1_253' title='bbox 1213 4116 1302 4182; x_wconf 90' lang='lat' dir='ltr'><strong>idem</strong></span> <span class='ocrx_word' id='word_1_254' title='bbox 1327 4117 1444 4194; x_wconf 82' lang='lat' dir='ltr'><strong>Homo,</strong></span> <span class='ocrx_word' id='word_1_255' title='bbox 1463 4110 1529 4177; x_wconf 83' lang='lat' dir='ltr'><strong>dum</strong></span> <span class='ocrx_word' id='word_1_256' title='bbox 1656 4132 1658 4201; x_wconf 53' lang='grc' dir='ltr'><strong>ξ</strong></span> 
     </span>
     <span class='ocr_line' id='line_1_33' title="bbox 493 4208 1656 4304; baseline -0.003 -26"><span class='ocrx_word' id='word_1_257' title='bbox 493 4211 558 4278; x_wconf 81' lang='lat' dir='ltr'><strong>fuit</strong></span> <span class='ocrx_word' id='word_1_258' title='bbox 581 4211 690 4297; x_wconf 74' lang='lat' dir='ltr'><strong>Major</strong></span> <span class='ocrx_word' id='word_1_259' title='bbox 711 4211 858 4278; x_wconf 74' lang='lat' dir='ltr'><strong>civitatis</strong></span> <span class='ocrx_word' id='word_1_260' title='bbox 880 4214 1057 4300; x_wconf 79' lang='lat' dir='ltr'><strong>praedictoe,</strong></span> <span class='ocrx_word' id='word_1_261' title='bbox 1080 4215 1161 4303; x_wconf 87' lang='lat' dir='ltr'><strong>ipsis</strong></span> <span class='ocrx_word' id='word_1_262' title='bbox 1183 4216 1372 4304; x_wconf 81' lang='lat' dir='ltr'><strong>piscenuriis</strong></span> <span class='ocrx_word' id='word_1_263' title='bbox 1395 4220 1435 4285; x_wconf 85' lang='lat' dir='ltr'><strong>de</strong></span> <span class='ocrx_word' id='word_1_264' title='bbox 1456 4208 1530 4279; x_wconf 71' lang='lat' dir='ltr'><strong>Kaio</strong></span> <span class='ocrx_word' id='word_1_265' title='bbox 1653 4217 1656 4256; x_wconf 66' lang='lat'><strong><em>³</em></strong></span> 
     </span>
    </p>
   </div>
   <div class='ocr_carea' id='block_1_12' title="bbox 493 4313 1528 4408">
    <p class='ocr_par' dir='ltr' id='par_1_13' title="bbox 493 4313 1528 4408">
     <span class='ocr_line' id='line_1_34' title="bbox 493 4313 1528 4408; baseline 0.004 -26"><span class='ocrx_word' id='word_1_266' title='bbox 493 4315 652 4403; x_wconf 82' lang='lat' dir='ltr'><strong>praedictu</strong></span> <span class='ocrx_word' id='word_1_267' title='bbox 688 4313 843 4392; x_wconf 89' lang='lat' dir='ltr'><strong>inhibuit,</strong></span> <span class='ocrx_word' id='word_1_268' title='bbox 883 4315 972 4402; x_wconf 90' lang='lat' dir='ltr'><strong>quod</strong></span> <span class='ocrx_word' id='word_1_269' title='bbox 1009 4337 1070 4383; x_wconf 88' lang='lat' dir='ltr'><strong>nec</strong></span> <span class='ocrx_word' id='word_1_270' title='bbox 1099 4318 1215 4386; x_wconf 83' lang='lat' dir='ltr'><strong>ulleciu</strong></span> <span class='ocrx_word' id='word_1_271' title='bbox 1237 4341 1298 4387; x_wconf 89' lang='lat' dir='ltr'><strong>nec</strong></span> <span class='ocrx_word' id='word_1_272' title='bbox 1331 4322 1398 4387; x_wconf 76' lang='lat' dir='ltr'><strong>ulis</strong></span> <span class='ocrx_word' id='word_1_273' title='bbox 1426 4330 1528 4408; x_wconf 70' lang='lat' dir='ltr'><strong>genero</strong></span> 
     </span>
    </p>
   </div>
   <div class='ocr_carea' id='block_1_13' title="bbox 493 4415 1654 4516">
    <p class='ocr_par' dir='ltr' id='par_1_14' title="bbox 493 4415 1654 4516">
     <span class='ocr_line' id='line_1_35' title="bbox 493 4415 1654 4516; baseline 0.001 -32"><span class='ocrx_word' id='word_1_274' title='bbox 493 4417 629 4504; x_wconf 86' lang='lat' dir='ltr'><strong>piscium</strong></span> <span class='ocrx_word' id='word_1_275' title='bbox 667 4415 703 4480; x_wconf 92' lang='lat' dir='ltr'><strong>in</strong></span> <span class='ocrx_word' id='word_1_276' title='bbox 742 4416 895 4482; x_wconf 90' lang='lat' dir='ltr'><strong>domibus</strong></span> <span class='ocrx_word' id='word_1_277' title='bbox 933 4418 1001 4484; x_wconf 92' lang='lat' dir='ltr'><strong>suis</strong></span> <span class='ocrx_word' id='word_1_278' title='bbox 1038 4441 1137 4508; x_wconf 86' lang='lat' dir='ltr'><strong>super</strong></span> <span class='ocrx_word' id='word_1_279' title='bbox 1186 4422 1308 4488; x_wconf 82' lang='lat' dir='ltr'><strong>Koinm</strong></span> <span class='ocrx_word' id='word_1_280' title='bbox 1354 4422 1526 4511; x_wconf 66' lang='lat' dir='ltr'><strong>proditum</strong></span> <span class='ocrx_word' id='word_1_281' title='bbox 1651 4435 1654 4516; x_wconf 62' lang='lat' dir='ltr'><strong>l</strong></span> 
     </span>
    </p>
   </div>
   <div class='ocr_carea' id='block_1_14' title="bbox 325 4517 1525 4613">
    <p class='ocr_par' dir='ltr' id='par_1_15' title="bbox 325 4517 1525 4613">
     <span class='ocr_line' id='line_1_36' title="bbox 325 4517 1525 4613; baseline 0.013 -37"><span class='ocrx_word' id='word_1_282' title='bbox 325 4531 471 4577; x_wconf 65' lang='lat' dir='ltr'><strong>mamonae</strong></span> <span class='ocrx_word' id='word_1_283' title='bbox 491 4519 632 4606; x_wconf 78' lang='lat' dir='ltr'><strong>amplius</strong></span> <span class='ocrx_word' id='word_1_284' title='bbox 654 4517 838 4585; x_wconf 85' lang='lat' dir='ltr'><strong>venderent</strong></span> <span class='ocrx_word' id='word_1_285' title='bbox 870 4519 914 4585; x_wconf 83' lang='lat' dir='ltr'><strong>sd</strong></span> <span class='ocrx_word' id='word_1_286' title='bbox 943 4521 1115 4588; x_wconf 77' lang='lat' dir='ltr'><strong>retolliom.</strong></span> <span class='ocrx_word' id='word_1_287' title='bbox 1160 4523 1208 4590; x_wconf 86' lang='lat' dir='ltr'><strong>Et</strong></span> <span class='ocrx_word' id='word_1_288' title='bbox 1239 4524 1332 4606; x_wconf 89' lang='lat' dir='ltr'><strong>dicit,</strong></span> <span class='ocrx_word' id='word_1_289' title='bbox 1354 4525 1442 4613; x_wconf 92' lang='lat' dir='ltr'><strong>quod</strong></span> <span class='ocrx_word' id='word_1_290' title='bbox 1461 4521 1525 4606; x_wconf 63' lang='lat' dir='ltr'><strong>ipse,</strong></span> 
     </span>
    </p>
   </div>
   <div class='ocr_carea' id='block_1_15' title="bbox 324 4581 1526 4930">
    <p class='ocr_par' dir='ltr' id='par_1_16' title="bbox 324 4581 1526 4930">
     <span class='ocr_line' id='line_1_37' title="bbox 324 4581 1525 4735; baseline 0.009 -52"><span class='ocrx_word' id='word_1_291' title='bbox 324 4581 474 4735; x_wconf 50' lang='lat' dir='ltr'><strong>{iffllfi</strong></span> <span class='ocrx_word' id='word_1_292' title='bbox 492 4642 551 4687; x_wconf 84' lang='lat' dir='ltr'><strong>nec</strong></span> <span class='ocrx_word' id='word_1_293' title='bbox 572 4625 651 4687; x_wconf 84' lang='lat' dir='ltr'><strong>unte</strong></span> <span class='ocrx_word' id='word_1_294' title='bbox 674 4621 842 4708; x_wconf 73' lang='lat' dir='ltr'><strong>captiones</strong></span> <span class='ocrx_word' id='word_1_295' title='bbox 864 4621 1095 4709; x_wconf 87' lang='lat' dir='ltr'><strong>Inquisitionis</strong></span> <span class='ocrx_word' id='word_1_296' title='bbox 1117 4626 1295 4712; x_wconf 76' lang='lat' dir='ltr'><strong>puodictae,</strong></span> <span class='ocrx_word' id='word_1_297' title='bbox 1317 4649 1378 4694; x_wconf 88' lang='lat' dir='ltr'><strong>neo</strong></span> <span class='ocrx_word' id='word_1_298' title='bbox 1398 4636 1525 4712; x_wconf 80' lang='lat' dir='ltr'><strong>unqutm</strong></span> 
     </span>
     <span class='ocr_line' id='line_1_38' title="bbox 324 4723 1525 4836; baseline 0.011 -52"><span class='ocrx_word' id='word_1_299' title='bbox 324 4734 475 4836; x_wconf 48' lang='lat' dir='ltr'><strong>:pfflsnpppdr</strong></span> <span class='ocrx_word' id='word_1_300' title='bbox 492 4727 613 4809; x_wconf 80' lang='lat' dir='ltr'><strong>postea,</strong></span> <span class='ocrx_word' id='word_1_301' title='bbox 637 4723 725 4810; x_wconf 89' lang='lat' dir='ltr'><strong>ipsos</strong></span> <span class='ocrx_word' id='word_1_302' title='bbox 763 4723 922 4790; x_wconf 83' lang='lat' dir='ltr'><strong>Thomnm</strong></span> <span class='ocrx_word' id='word_1_303' title='bbox 949 4731 984 4790; x_wconf 90' lang='lat' dir='ltr'><strong>et</strong></span> <span class='ocrx_word' id='word_1_304' title='bbox 1009 4725 1091 4792; x_wconf 86' lang='lat' dir='ltr'><strong>ulios</strong></span> <span class='ocrx_word' id='word_1_305' title='bbox 1120 4728 1319 4813; x_wconf 82' lang='lat' dir='ltr'><strong>piscenorios</strong></span> <span class='ocrx_word' id='word_1_306' title='bbox 1343 4729 1438 4796; x_wconf 78' lang='lat' dir='ltr'><strong>Koiae</strong></span> <span class='ocrx_word' id='word_1_307' title='bbox 1458 4739 1525 4814; x_wconf 59' lang='lat' dir='ltr'><strong>prtt</strong></span> 
     </span>
     <span class='ocr_line' id='line_1_39' title="bbox 324 4824 1526 4930; baseline 0.008 -43"><span class='ocrx_word' id='word_1_308' title='bbox 324 4833 472 4930; x_wconf 50' lang='lat' dir='ltr'><strong>{suffitur</strong></span> <span class='ocrx_word' id='word_1_309' title='bbox 492 4824 588 4891; x_wconf 78' lang='lat' dir='ltr'><strong>dictoe</strong></span> <span class='ocrx_word' id='word_1_310' title='bbox 620 4825 804 4912; x_wconf 85' lang='lat' dir='ltr'><strong>impedivit,</strong></span> <span class='ocrx_word' id='word_1_311' title='bbox 838 4825 920 4914; x_wconf 90' lang='lat' dir='ltr'><strong>quin</strong></span> <span class='ocrx_word' id='word_1_312' title='bbox 952 4827 1056 4915; x_wconf 86' lang='lat' dir='ltr'><strong>pisces</strong></span> <span class='ocrx_word' id='word_1_313' title='bbox 1089 4827 1279 4918; x_wconf 85' lang='lat' dir='ltr'><strong>hujusmodi</strong></span> <span class='ocrx_word' id='word_1_314' title='bbox 1316 4831 1353 4897; x_wconf 89' lang='lat' dir='ltr'><strong>in</strong></span> <span class='ocrx_word' id='word_1_315' title='bbox 1393 4825 1526 4897; x_wconf 64' lang='lat' dir='ltr'><strong>domibsst</strong></span> 
     </span>
    </p>
   </div>
   <div class='ocr_carea' id='block_1_16' title="bbox 0 0 1736 5836">
    <p class='ocr_par' dir='ltr' id='par_1_17' title="bbox 0 0 1736 5836">
     <span class='ocr_line' id='line_1_40' title="bbox 0 0 1736 5836; baseline 0 2"><span class='ocrx_word' id='word_1_316' title='bbox 0 0 1736 5836; x_wconf 95' lang='lat' dir='ltr'><strong> </strong></span> 
     </span>
    </p>
   </div>
  </div>
 </body>
</html>
