3600 5822
253 901 295 963 14
313 913 397 966 now.
414 897 470 986 11.]
568 915 674 966 mum
695 915 885 966 ounuunuu
907 915 1079 966 uununou.
1237 899 1303 970 337

253 1101 357 1170 Lunae
388 1102 540 1190 proximo
562 1106 638 1190 poet
668 1103 789 1168 festum
814 1097 927 1170 Beetae
945 1102 1061 1170 Mariae
1078 1102 1302 1190 Magdolenae3

250 1207 293 1271 ob
315 1205 413 1291 quod,
430 1205 531 1272 Curio
545 1205 694 1292 przedicti
718 1205 886 1292 Hustengi
909 1205 1080 1292 procedere
1102 1228 1170 1272 non
1191 1207 1304 1294 potuit

251 1308 293 1372 nd
316 1307 509 1394 praedictum
524 1308 733 1396 Exigendem
748 1307 888 1374 ulterius
910 1307 952 1373 de
968 1307 1094 1374 talibus
1109 1307 1301 1374 faciendum.

251 1409 339 1476 item
361 1411 452 1490 dicit,
468 1410 558 1497 quod
580 1433 622 1478 ex
645 1432 711 1498 quo
726 1410 876 1499 praedicti
899 1411 1006 1496 Major
1028 1415 1063 1476 et
1083 1411 1301 1477 Aldermenni

251 1517 477 1600 cognoverunt
492 1515 581 1600 quod
602 1517 831 1600 processerunt
845 1513 889 1578 od
904 1513 1080 1598 praedictee
1094 1513 1302 1600 Exigendem

250 1621 285 1680 et
310 1614 518 1703 Utlugeriem
550 1637 610 1702 per
639 1619 839 1702 praeceptum
861 1614 984 1681 factum
1009 1615 1127 1702 Majoni
1149 1623 1183 1682 et
1207 1615 1301 1682 Vice-

250 1718 436 1799 comitibus,
467 1717 591 1804 ebeque
623 1717 833 1796 Ocronutore,
856 1717 914 1803 qui
946 1717 1079 1804 quidem
1119 1717 1303 1786 Coronetor

250 1820 337 1908 gerit
357 1821 527 1888 recordum
549 1821 586 1886 in
609 1819 792 1907 Exigendie
807 1825 843 1887 ct
866 1819 1058 1907 Utlngeriie,
1082 1825 1117 1886 et
1138 1843 1206 1887 non
1229 1821 1301 1888 Mu-

245 1922 301 2014 jor
322 1927 358 1989 et
373 1923 599 2002 vicecomites,
615 1923 704 2009 quod
726 1927 842 1989 contre
855 1923 960 2010 legem
976 1928 1010 1989 ct
1032 1923 1300 1991 consuetudinem

249 2025 343 2112 regni
365 2025 402 2090 in
424 2026 485 2092 hec
507 2030 602 2113 purte
624 2030 863 2113 processerunt,
890 2029 925 2092 et
939 2025 1028 2112 petit
1044 2025 1216 2113 judicium,
1240 2033 1299 2094 etc

251 2129 340 2194 Item
362 2128 452 2206 dicit,
469 2129 559 2215 quod
580 2128 732 2216 praedicti
755 2127 863 2214 Major
885 2132 920 2194 et
942 2128 1159 2194 Aldcrmanni
1182 2151 1300 2218 cogno-

251 2234 373 2297 verunt
387 2231 477 2317 qnod
493 2229 667 2318 Utlugeriu
682 2252 749 2296 non
764 2230 831 2296 fuit
852 2230 1061 2318 promulgate
1077 2233 1112 2296 in
1127 2234 1301 2320 praedictoe

252 2333 430 2400 Ricardum
452 2337 487 2400 et
509 2333 591 2399 elios
622 2333 665 2400 od
690 2333 887 2420 praedictum
923 2333 1135 2422 Huetengum
1169 2341 1301 2403 tentum

250 2437 304 2502 die
329 2436 433 2502 Lunae
464 2437 615 2524 proximo
646 2440 722 2524 poet
752 2435 875 2502 foetum
899 2434 1058 2502 Omnium
1096 2437 1300 2519 Sanctorum

250 2540 382 2626 quondo
413 2540 477 2626 ipsi
510 2541 610 2606 tertio
636 2539 771 2606 fuemnt
793 2539 903 2604 execti
925 2543 1001 2626 post
1030 2540 1130 2606 finem
1152 2543 1302 2628 praedioti

252 2642 409 2724 Itinerie;
431 2647 467 2709 et
488 2641 577 2730 quod
599 2640 707 2728 Major
729 2645 764 2707 et
785 2641 873 2708 civce
895 2663 938 2706 ex
959 2647 1039 2708 tunc
1060 2645 1302 2714 nuntiaverunt

253 2745 396 2814 Domino
412 2745 497 2832 Regi
519 2744 645 2810 fectum
671 2745 819 2831 ipsorum
834 2767 931 2832 super
947 2745 1122 2833 Exigende
1136 2750 1300 2834 praedictn

250 2849 297 2918 Et
334 2849 424 2936 quod
454 2846 564 2936 Major
593 2852 628 2914 et
650 2846 876 2929 Vicecomitee,
916 2850 1094 2916 nuntiante
1126 2850 1301 2941 Redulpho

253 2953 293 3020 de
319 2951 504 3032 Sendwico,
530 2951 657 3036 ubsque
681 2950 840 3018 mundato
866 2950 1002 3018 Domini
1026 2953 1126 3041 Regis
1156 2956 1300 3042 speciali,

250 3056 460 3144 postmodum
483 3059 709 3142 processerunt
735 3053 779 3120 ed
801 3055 1099 3142 promulgationem
1117 3055 1301 3144 Utlegcriae

252 3158 426 3247 praedioteo,
444 3157 497 3224 die
519 3156 625 3224 Lunae
651 3156 805 3244 proximo
826 3160 902 3243 poet
923 3156 1045 3222 festum
1067 3158 1300 3244 Apostolorum

252 3260 345 3328 Petri
371 3265 406 3327 et
428 3259 533 3340 Pauli,
557 3259 680 3326 scilicet
703 3262 780 3346 poet
804 3262 879 3324 octo
910 3281 1037 3325 menses
1059 3260 1183 3347 clupeos
1210 3267 1300 3348 poet-

252 3385 352 3453 quem
374 3361 525 3451 predicti
548 3361 709 3428 Ricerdue
736 3364 771 3427 ct
793 3360 850 3426 ulii
875 3362 994 3428 ultimo
1024 3361 1161 3429 fuenmt
1182 3365 1301 3445 execti,

251 3469 337 3535 eicut
367 3465 561 3554 predictum
584 3469 655 3545 eet;
688 3468 723 3530 et
753 3463 799 3530 uic
829 3464 900 3530 eine
921 3471 1096 3543 warranto,
1124 3471 1159 3532 et
1188 3473 1302 3534 oontm

251 3571 357 3658 legem
372 3573 408 3635 et
430 3567 702 3634 consuetudinem
724 3565 827 3654 regni,
843 3569 937 3633 totus
962 3588 1129 3654 processum
1151 3569 1188 3634 in
1205 3569 1303 3637 dictis

253 3672 438 3758 Hustengis
477 3675 512 3737 et
549 3669 709 3758 praedictc
741 3667 843 3736 Curia
878 3669 919 3734 de
946 3668 1137 3736 Folkesmot
1169 3671 1302 3740 habitus

252 3795 350 3862 super
371 3771 547 3861 Exigende
577 3781 611 3837 et
636 3771 808 3858 Utlogerie
834 3771 1008 3858 praedictie,
1042 3777 1093 3838 eet
1124 3772 1196 3860 ipso
1224 3775 1302 3860 jure

252 3877 370 3956 nullus,
387 3880 422 3942 et
444 3875 480 3940 in
502 3874 670 3942 laeeioncm
695 3895 825 3940 coronae
847 3873 956 3961 regim,
980 3878 1063 3955 etc3
1086 3877 1121 3942 et
1142 3877 1229 3963 petit
1246 3879 1302 3965 ju-

251 3978 374 4046 dicium
396 3996 456 4066 pro
471 3977 615 4044 Domino
640 3977 739 4064 Rege,
754 3981 815 4042 etc

296 4081 343 4148 Et
372 4082 450 4169 quie
483 4103 542 4169 per
566 4079 705 4146 Rutulos
737 4078 950 4145 Coronetorie
972 4078 1014 4145 de
1035 4081 1133 4147 ennio
1166 4083 1302 4150 Domini
1314 4118 1463 4173 minag.

252 4185 352 4274 Regis
374 4205 462 4250 nunc
488 4183 564 4249 xiii⁰
589 4187 625 4250 et
651 4181 750 4263 xiiii⁰‚
773 4187 976 4270 compertum
999 4187 1050 4248 eet
1072 4171 1472 4273 quodRadul·3¹¹}1⁴2¹}2”„f‚¹1¹1⁰{{3{³

251 4289 335 4377 ptus
360 4287 484 4353 Putet
508 4287 549 4353 <u
573 4283 905 4372 wmclyngworthe‚
937 4290 972 4352 u
997 4285 1172 4366 uuum,
1199 4289 1353 4366 uteru„
1387 4271 1450 4366 „33¹⁶

252 4392 331 4478 ejus,
356 4394 391 4456 et
405 4387 592 4455 Willeimus
616 4387 657 4453 de
674 4385 802 4468 Burlee,
819 4387 937 4473 quinto
960 4389 1069 4453 exacti
1092 4387 1135 4454 ed
1166 4390 1303 4458 Curiam

250 4495 291 4560 de
307 4491 441 4560 Placitie
463 4491 580 4568 Terrae,
596 4494 725 4556 tentem
749 4489 785 4556 in
803 4487 960 4554 Gildeule
982 4489 1226 4558 Londonierum
1249 4494 1304 4561 die

252 4595 355 4662 Lunae
377 4593 529 4682 proximo
544 4597 620 4680 poet
641 4591 763 4658 foetum
781 4591 1024 4657 Purificationis
1047 4591 1162 4660 Beetae
1177 4593 1303 4675 Murice,

251 4697 367 4764 eodem
381 4715 469 4761 enno
484 4695 572 4776 xiii0,
583 4694 728 4782 utin-goti
742 4693 877 4758 fuerunt
891 4693 1014 4758 ibidem
1029 4693 1072 4759 ud
1088 4694 1175 4761 diem
1187 4695 1282 4762 illum
1294 4723 1303 4778 ;

249 4797 468 4877 uniuntur,
493 4798 582 4884 quod
615 4797 757 4865 Thomas
783 4796 824 4862 de
847 4793 1043 4863 Hildeshum
1070 4804 1106 4864 et
1132 4797 1156 4865 J
1158 4799 1304 4868 ohannes

344 4920 421 4972 VOL.
438 4920 476 4972 11.
1144 4925 1168 4973 Y
