3462 5836
463 877 528 944 396
797 891 903 944 mem
924 893 1171 947 cus'wmmt
1321 877 1383 968 [14
1399 895 1478 945 ms.
1493 893 1523 946 u

465 1077 482 1102 “
505 1068 626 1134 nostiis
641 1067 789 1136 civitatis
809 1072 986 1158 prmdictm
1003 1079 1043 1140 ut
1065 1073 1253 1153 recolimus,
1273 1073 1369 1160 quod
1384 1071 1525 1159 praefstoe

465 1181 482 1205 “
505 1172 702 1258 pisoenerios
723 1173 765 1240 de
796 1173 884 1240 Keis
906 1176 1067 1261 praediote
1092 1176 1208 1244 elleoie
1236 1183 1277 1243 et
1311 1175 1384 1242 elie
1405 1195 1523 1262 genere

465 1283 482 1308 “
505 1295 563 1362 per
577 1275 665 1362 ipsos
679 1281 714 1341 et
728 1297 841 1342 eorum
864 1277 1046 1346 servientes
1069 1279 1113 1346 ed
1128 1279 1311 1346 civitatem
1327 1278 1423 1343 illem
1438 1277 1526 1342 ducto

463 1383 482 1411 ‘⁴
504 1381 540 1440 et
569 1376 727 1456 ducende
759 1378 797 1444 in
836 1379 948 1466 shopis
985 1381 1054 1446 suis
1084 1403 1183 1469 super
1215 1381 1353 1447 Keism
1384 1377 1525 1446 omnibus
1669 1392 1671 1403 ¹

464 1488 481 1512 ‘⁶
504 1477 694 1564 hujusmodi
717 1479 834 1548 ellecis
856 1487 892 1548 et
914 1481 1037 1568 pisoem
1059 1481 1103 1550 eb
1126 1483 1174 1550 eis
1196 1505 1315 1550 emere
1332 1479 1523 1557 volentibus,

464 1589 482 1615 “
504 1581 541 1646 in
570 1603 683 1670 grosso
712 1587 747 1648 et
776 1583 820 1650 ed
849 1584 1023 1664 retullism,
1047 1591 1149 1672 prout
1173 1593 1352 1674 emptores
1375 1584 1427 1649 illi
1455 1581 1524 1646 inde

464 1692 482 1718 “
504 1705 611 1751 emere
632 1685 807 1764 voluerint,
824 1686 967 1754 vendere
989 1687 1230 1775 permittment,
1257 1688 1354 1754 sicut
1376 1686 1524 1751 haetenus

464 1796 482 1822 “
504 1787 608 1854 leoere
637 1795 903 1870 eonsueverunt3
942 1795 977 1857 et
1008 1791 1097 1878 quod
1126 1791 1212 1857 nihil
1242 1793 1284 1856 in
1317 1779 1467 1856 fidelium
1493 1789 1523 1850 et

464 1899 482 1924 “
503 1891 617 1978 populi
642 1895 832 1958 nostrorum
855 1891 1091 1980 praediotorum
1110 1893 1341 1982 dispendium,
1360 1891 1465 1960 uobis¹
1478 1889 1522 1954 in·

464 2000 483 2028 “
505 1993 669 2072 oonsultis,
692 1995 826 2060 noviter
847 2000 1112 2082 attemptarent:
1136 2018 1174 2062 ee
1196 1995 1427 2084 postmodum,
1450 2013 1524 2079 prm

465 2103 482 2130 ‘³
505 2095 568 2162 leti
583 2095 757 2184 pisoensrii
780 2096 822 2162 de
845 2096 933 2164 Keie
947 2098 1107 2184 praediote
1122 2099 1225 2180 nobis,
1251 2121 1317 2188 per
1332 2096 1521 2188 petitionem

467 2209 486 2235 “
507 2219 602 2264 suem
625 2221 733 2266 eorem
756 2199 853 2266 uobis
875 2205 910 2266 et
934 2201 1080 2268 Consilio
1101 2207 1215 2268 nostro
1237 2202 1277 2268 iu
1302 2201 1428 2268 ultimo
1450 2196 1521 2262 Psr·

465 2310 483 2336 ‘⁴
504 2301 664 2370 lismonte
696 2307 812 2370 nostro
845 2302 936 2390 epud
960 2303 1296 2372 westmonasterium
1330 2303 1448 2370 habito
1471 2319 1520 2364 ex-

464 2411 482 2441 “
505 2404 657 2487 hibitem,
672 2405 768 2472 nobis
791 2404 955 2472 dedenmt
969 2406 1121 2494 intelligi,
1142 2409 1231 2494 quod
1245 2404 1406 2496 praedicti
1421 2399 1520 2486 Major

465 2517 482 2542 “
504 2513 540 2574 et
555 2507 769 2575 Vioeoomites
784 2507 868 2574 nihil
882 2509 926 2575 ed
945 2509 1141 2576 mandatnm
1156 2515 1311 2578 nostrum
1326 2505 1516 2599 pmdiotum

463 2619 481 2646 “
504 2610 582 2676 inde
607 2609 713 2678 seuere
739 2617 942 2679 curaverunt
954 2636 963 2692 ;
995 2633 1054 2700 per
1077 2611 1174 2700 quod,
1191 2613 1280 2702 ipsos
1303 2613 1467 2699 Majorem
1487 2607 1517 2670 et

462 2721 482 2748 “
505 2712 721 2778 Vioeoomites
744 2734 854 2778 eorem
880 2712 976 2779 nobis
998 2719 1033 2780 et
1056 2713 1204 2782 Consilio
1226 2721 1347 2784 nostro
1367 2709 1516 2803 praedicto

465 2823 482 2848 “
505 2814 541 2879 in
564 2813 653 2880 dioto
676 2813 900 2882 Perlismento
922 2816 1047 2904 ulloqui
1062 2815 1198 2884 fecimus
1213 2840 1315 2906 super
1339 2811 1517 2908 praemissis

463 2923 481 2953 “
503 2926 538 2984 et
563 2915 611 2982 eis
631 2916 837 3003 injunximus
854 2919 943 3005 quod
965 2941 1005 2986 eu
1029 2941 1103 3006 quae
1126 2919 1163 2986 in
1184 2920 1246 2988 hee
1267 2928 1369 3008 perte
1392 2917 1515 2985 fumant

464 3028 480 3058 “
506 3019 615 3086 minus
637 3021 701 3088 rite
723 3025 932 3109 attemptata,
956 3027 992 3088 et
1012 3022 1053 3089 de
1074 3043 1170 3103 novo,
1195 3025 1290 3091 nobis
1314 3017 1514 3093 inconsultis,

463 3131 481 3160 ‘⁴
505 3123 666 3204 ordinate,
682 3123 754 3190 sine
776 3123 938 3190 diletione
960 3124 1107 3192 feoerent
1130 3127 1307 3193 emendari.
1359 3125 1427 3208 Qui
1450 3116 1512 3208 qui·

461 3235 480 3262 “
503 3228 577 3294 dem
602 3225 710 3313 Major
732 3232 767 3293 et
788 3225 1013 3306 Vioeoomites,
1036 3229 1195 3296 mundate
1220 3235 1338 3296 nostra
1361 3225 1514 3319 praedicis

462 3337 481 3366 “
503 3329 754 3418 vilipendentes,
780 3329 866 3395 nihil
892 3329 970 3398 inde
996 3331 1155 3398 haetenus
1179 3331 1285 3400 faeere
1308 3327 1511 3402 sueverunt

337 3452 394 3491 ···
419 3480 425 3492 ·
462 3441 482 3469 “
503 3433 544 3500 de
576 3455 642 3520 quo
680 3433 885 3498 admiremur
921 3433 1112 3520 plurimum,
1150 3441 1186 3502 et
1222 3458 1404 3504 movemur.
1448 3429 1514 3496 NOS

463 3543 481 3572 “
504 3535 618 3624 igitur,
634 3534 823 3622 hujusmodi
848 3535 970 3602 demna
992 3542 1028 3604 et
1049 3538 1146 3604 nobis
1168 3561 1206 3606 eo
1229 3540 1384 3610 fidelibus
1398 3529 1513 3604 nostn's

463 3646 481 3675 ‘⁸
504 3641 539 3706 in
554 3640 668 3706 eodem
684 3638 821 3706 eiviteto
844 3639 1049 3708 morantibus
1074 3647 1109 3708 et
1131 3642 1175 3708 ed
1197 3643 1335 3710 eandem
1351 3641 1511 3712 oonfluen·

463 3752 481 3778 “
504 3742 602 3820 tibus,
628 3763 666 3808 ee
690 3741 810 3829 populo
836 3741 981 3829 ejusdem
1008 3743 1156 3811 oivitetis
1188 3745 1433 3833 praejudicinlie,
1456 3757 1509 3828 pro

463 3854 479 3882 “
502 3845 662 3933 singulari
685 3843 833 3910 utilitate
857 3844 1063 3932 quorundem
1089 3846 1342 3934 pisoeneriorum
1370 3843 1509 3936 ejusdem

463 3958 480 3986 “
503 3947 651 4017 civitatis
666 3946 779 4014 taliter
794 3947 954 4028 ordinata,
971 3949 1121 4018 nolentes
1140 3951 1311 4032 sustinere,
1330 3955 1388 4020 sed
1405 3947 1508 4041 potius

462 4061 480 4088 “
503 4075 542 4119 ee
565 4073 639 4139 quse
666 4051 703 4116 in
729 4050 791 4117 hee
816 4056 910 4138 perte
933 4052 1043 4118 minus
1067 4055 1132 4120 rite
1154 4058 1358 4144 attemptetn
1380 4051 1509 4123 fuerunt

463 4155 615 4223 “debite
644 4152 821 4232 emenden',
849 4154 1033 4242 praesertim
1062 4176 1137 4222 eum
1167 4156 1358 4244 hujusmodi
1384 4155 1508 4225 ordine·

461 4269 479 4296 “
502 4260 609 4326 tiones
623 4263 658 4325 et
672 4256 868 4323 novationes
882 4257 1084 4325 venditionis
1106 4263 1142 4325 et
1157 4259 1351 4327 victualium
1374 4263 1410 4328 in
1424 4257 1508 4326 dicta

462 4371 480 4400 ‘¹
502 4361 640 4429 civitate
669 4359 742 4426 fieri
772 4381 839 4426 nou
870 4359 1022 4442 debeant,
1054 4366 1168 4428 nostro
1207 4383 1342 4430 msensu
1379 4361 1506 4430 minime

462 4477 478 4501 “
501 4463 801 4554 requisito-vobis
832 4463 1038 4546 mandemus,
1070 4464 1159 4552 quod
1191 4467 1390 4534 examinetis
1426 4459 1504 4556 peti-

460 4567 647 4636 “tionibus
673 4565 929 4656 pisoeneriorum
956 4566 997 4633 de
1028 4567 1117 4634 Kaio.
1145 4569 1312 4656 proediots,
1338 4571 1434 4638 vobis
1453 4581 1506 4655 per

461 4681 479 4710 “
501 4673 588 4761 ipsos
620 4692 717 4759 super
743 4669 919 4758 praemissis
948 4669 1164 4758 porrigendis,
1191 4676 1227 4738 et
1251 4675 1377 4740 vooetis
1406 4687 1504 4741 eoram

460 4784 478 4812 ‘⁶
502 4775 597 4842 vobis
619 4795 700 4861 quos
721 4773 874 4840 videritis
896 4772 932 4838 in
954 4771 1016 4840 hee
1039 4777 1133 4860 perte
1153 4773 1223 4842 fore
1246 4777 1437 4859 evooendos,
1452 4789 1504 4862 per

461 4881 478 4914 '‘
501 4882 743 4946 sacramentum
759 4875 944 4964 aliquorum
967 4875 1116 4943 civitetis
1139 4879 1305 4966 puedictae
1320 4901 1418 4968 super
1433 4863 1503 4945 erti-
