3636 5820
358 917 439 966 usu.
456 897 510 986 11.]
679 910 803 962 srours
826 911 921 962 urou
942 909 1011 959 run
1031 909 1099 960 scu.
1369 894 1410 958 13

360 1197 473 1266 XXII.
500 1195 567 1288 [De
589 1196 719 1282 Pupcu
740 1197 925 1282 Aprorum,
955 1194 1159 1276 Tauream,
1185 1199 1215 1260 et
1243 1192 1412 1260 Urseium

641 1297 815 1365 taliterne
842 1318 922 1364 cum
949 1296 1129 1384 Ocuitua]

408 1528 450 1593 In
474 1528 606 1613 hyeme,
633 1525 775 1610 siugulis
791 1524 859 1590 iere
891 1524 994 1603 festis,
1028 1529 1106 1589 ante
1138 1522 1322 1610 prandium,
1358 1525 1556 1634 veprptipspn

360 1631 432 1718 apri
454 1633 644 1717 spumantes
668 1631 820 1716 pugnant
844 1649 903 1714 pro
934 1626 1107 1714 capitibus,
1131 1631 1166 1692 et
1197 1648 1315 1708 verres,
1339 1648 1411 1713 pro·
1423 1639 1575 1734 moun,

361 1733 564 1801 minantibus
593 1733 732 1798 accinctr
704 1730 850 1797 titden
851 1731 935 1812 ibus,
977 1729 1121 1796 addendi
1158 1728 1319 1807 succidiae,
1358 1703 1453 1794 velan
1425 1741 1555 1796 withdoes

362 1837 501 1924 pingues
532 1835 621 1900 tauri
651 1838 848 1920 cornupeta,
875 1853 933 1900 seu
962 1833 1030 1900 rusi
1061 1833 1229 1911 immanes,
1259 1853 1333 1897 cum
1356 1830 1412 1897 ob-

357 1939 454 2025 jectis
476 1938 669 2026 depugnant
691 1935 834 2003 canibus.

504 2227 637 2295 XXIII.
660 2227 711 2294 De
734 2226 951 2294 ludentibus
974 2248 1077 2315 super
1097 2225 1250 2314 placitur.

407 2443 492 2511 Cum
530 2448 580 2510 est
609 2443 781 2530 congelata
817 2443 911 2529 palus
948 2441 1006 2508 illa
1035 2464 1156 2530 magna
1186 2464 1259 2530 quae
1289 2444 1508 2558 moeniasffis
1513 2475 1577 2560 Ἣ

360 2547 453 2613 urbis
480 2545 692 2632 Aquilonulia
721 2545 827 2626 alluit,
859 2549 983 2612 exeunt
1012 2546 1120 2612 lusum
1149 2567 1248 2632 super
1276 2546 1436 2658 glaciem
1424 2513 1519 2657 nemi

362 2649 512 2716 densae
498 2670 662 2735 Juvenum
687 2653 817 2714 turmae.
866 2646 936 2726 Hii,
969 2669 1010 2712 ex
1038 2670 1134 2714 cursu
1164 2653 1258 2716 motu
1281 2613 1519 2736 captatcmm

362 2751 521 2832 citatiore,
559 2751 719 2817 distantia
758 2749 879 2836 pedum
916 2750 1035 2836 posita,
1064 2771 1221 2838 magnum
1247 2753 1411 2869 spatium,

362 2853 465 2920 latere
487 2854 590 2920 altero
613 2858 786 2941 praetenso,
802 2851 1024 2939 perlabuntur.
1071 2853 1140 2918 Alii
1163 2854 1256 2941 quasi
1278 2877 1414 2942 magnos

361 2956 486 3044 lapides
508 2956 646 3022 molares
668 2956 709 3020 de
731 2955 835 3041 glacie
863 2953 955 3019 sedes
987 2954 1050 3021 sibi
1074 2954 1222 3036 faciunt3
1256 2977 1413 3023 sessorem

362 3081 466 3124 uuum
498 3057 638 3124 trahunt
671 3057 806 3143 plurimi
836 3061 1083 3144 praecurrentes,
1115 3056 1268 3123 manibus
1298 3081 1332 3124 sc
1366 3065 1415 3124 te·

363 3167 487 3227 nentes.
549 3160 589 3225 In
619 3164 714 3225 tanta
744 3158 903 3225 citatione
933 3165 1043 3224 motus
1069 3159 1247 3247 aliquando
1276 3160 1414 3249 pedibus

363 3264 447 3350 lapsi
479 3263 602 3328 cadunt
634 3283 746 3326 omues
778 3261 882 3348 proni.
940 3260 1028 3327 Sunt
1059 3262 1117 3327 alii
1149 3284 1246 3350 super
1277 3263 1414 3351 glaciem

363 3367 474 3432 ludere
498 3364 665 3442 doctiores,
689 3364 812 3451 singuli
838 3362 976 3451 pedibus
1006 3363 1074 3428 suis
1096 3369 1257 3451 aptantes,
1282 3371 1316 3432 et
1338 3365 1413 3430 sub-

362 3468 521 3534 talaribus
536 3466 604 3531 suis
626 3465 808 3554 alligantes
833 3487 914 3546 ossa,
939 3465 1040 3530 tibias
1055 3465 1177 3532 scilicet
1201 3467 1414 3547 animalium

363 3575 397 3636 et
427 3570 527 3657 palos,
563 3568 649 3634 ferro
676 3573 774 3634 acuto
805 3567 984 3655 supposito,
1016 3572 1168 3636 tenentes
1194 3568 1230 3633 iu
1252 3570 1412 3648 manibus,

364 3695 446 3760 quos
472 3671 649 3758 aliquando
675 3671 792 3758 glaciei
814 3669 956 3748 illidunt,
982 3673 1078 3736 tauta
1100 3671 1281 3758 rapacitate
1304 3670 1413 3738 ferun·

363 3783 420 3842 tur
440 3779 566 3862 quauta
588 3773 660 3839 avis
686 3773 811 3851 volans,
830 3772 885 3838 vel
914 3771 1020 3859 pilum
1043 3771 1182 3840 balistae.
1239 3772 1414 3840 Interdum

365 3883 486 3955 autem,
501 3897 623 3964 magua
645 3875 756 3963 procul
784 3875 952 3952 distantia,
977 3896 1019 3941 ex
1041 3875 1205 3956 condicto,
1225 3875 1290 3943 duo
1311 3877 1414 3964 aliqui
1484 3943 1489 3956 ,
1512 3944 1517 3958 ,

365 3981 414 4046 ita
429 3981 471 4046 ab
487 3978 644 4066 oppositis
666 3978 816 4057 veniunt,
863 3977 1024 4058 Curritur,
1041 3977 1134 4065 palos
1148 3978 1291 4066 erigunt,
1315 4001 1348 4045 se
1364 3980 1414 4044 in-

364 4084 470 4149 vicem
492 4081 700 4169 percutiunt,
730 4081 785 4147 vel
807 4080 890 4146 alter
911 4081 967 4146 vel
981 4080 1078 4147 ambo
1100 4081 1231 4160 cadunt,
1255 4103 1321 4148 non
1344 4082 1414 4150 sine

364 4185 497 4252 laesione
531 4183 701 4270 corporali,
733 4205 805 4248 curn
844 4188 919 4270 post
957 4204 1066 4249 casum
1102 4183 1205 4249 etiam
1236 4184 1272 4248 vi
1305 4189 1414 4250 motus

363 4290 515 4356 fenmtur
534 4287 577 4352 ab
599 4286 888 4372 invicemprocu13
919 4291 954 4354 et
977 4308 1042 4373 qua
1064 4289 1158 4373 parte
1180 4285 1300 4374 glacies
1317 4293 1416 4375 caput

363 4391 483 4479 tangit,
498 4393 608 4455 totum
628 4389 725 4470 radit,
749 4393 857 4455 totmn
881 4388 1067 4467 decorticat,
1113 4389 1309 4476 Plerumque
1331 4391 1416 4458 tibia

364 4493 519 4572 cadentis,
551 4493 605 4558 vel
640 4490 819 4570 brachium,
852 4493 880 4559 si
912 4515 1011 4580 super
1041 4491 1125 4558 illud
1154 4492 1314 4578 ceciderit,
1339 4517 1414 4562 cou-

364 4597 540 4684 ffingitur:
574 4594 632 4660 sed
652 4597 734 4660 aetas
757 4595 857 4660 avida
878 4596 991 4682 gloriae
1013 4593 1182 4682 juventus,
1206 4597 1325 4685 cupida
1347 4601 1414 4666 vic-

365 4699 481 4780 torire3
515 4703 554 4764 ut
585 4697 623 4762 in
654 4697 742 4764 veris
774 4697 897 4786 proeliis
928 4697 1048 4764 fortius
1079 4719 1113 4764 se
1145 4697 1276 4784 habeat,
1299 4701 1348 4768 ite
1378 4703 1414 4767 in

365 4800 530 4867 simulatis
552 4807 729 4867 exercetur.
