3600 5822
439 883 504 948 268
775 899 878 948 amm
900 899 1145 953 sumnumuu.
1277 887 1336 978 [12
1353 907 1437 956 nu.
1454 908 1492 960 m

439 1088 457 1118 “
480 1080 711 1164 Pembroehiae‚
747 1082 901 1150 Johanns
933 1084 974 1150 de
1001 1083 1187 1168 Britannia,
1212 1085 1342 1156 Oomite
1373 1091 1491 1160 Riobe·

439 1191 457 1218 “
480 1183 635 1264 mundius,
685 1184 865 1251 Humirido
896 1185 1025 1264 Bohun‚
1053 1185 1185 1256 Comits
1216 1188 1424 1261 Herefordiae
1455 1203 1490 1263 et

439 1293 457 1320 “
479 1285 626 1352 Emexiae
643 1312 652 1367 ;
668 1285 814 1374 Hugone
835 1287 867 1353 le
879 1287 1074 1374 Desponser,
1085 1289 1229 1375 juniore,
1246 1291 1489 1364 Bartholomaeo

437 1387 519 1453 “de
545 1389 780 1470 Badelesmma
803 1388 998 1456 Senssoallis
1035 1389 1171 1478 hospitii
1204 1395 1318 1474 nostri,
1342 1402 1377 1463 et
1407 1399 1489 1465 aliis.

438 1499 454 1524 “
479 1490 606 1556 Datum
628 1513 687 1578 per
708 1513 844 1557 manum
867 1497 1022 1570 nostram,
1039 1493 1129 1580 apud
1144 1494 1338 1578 Eboracum,
1355 1503 1488 1568 oetavo·

439 1600 457 1628 “
479 1592 605 1660 decimo
629 1593 683 1659 die
706 1593 811 1672 Junii,
835 1615 922 1658 anno
945 1594 1040 1681 regni
1063 1596 1171 1662 nostri
1193 1596 1286 1664 xii⁰.''

434 1986 523 2054 Istos
545 1985 723 2054 Articulos
755 1984 996 2054 coarmantur
1026 1983 1179 2053 civitatis
1200 1985 1486 2072 Londoaa'urum,

522 2111 601 2156 eum
617 2111 747 2175 raoyaa
757 2086 942 2167 instantia,
951 2094 1200 2176 perpetrarunt
1215 2097 1245 2157 et
1261 2089 1487 2162 obtinuerunt

522 2213 546 2258 u
567 2190 719 2258 Domino
741 2191 830 2276 Regae
855 2189 1036 2267 Eduardo,
1051 2189 1134 2275 fitia
1157 2191 1263 2277 RaJia
1293 2193 1486 2277 Edroardi;

522 2293 686 2375 videlieet,
728 2291 821 2360 eirea
851 2291 982 2380 festum
1019 2291 1230 2360 Natiuitatis
1272 2295 1396 2364 Sancti
1424 2298 1485 2364 Jo-

520 2395 652 2464 tanate
689 2395 862 2482 Baptista,
896 2415 992 2460 uano
1029 2393 1128 2481 requi
1167 2395 1333 2483 mediae·
1381 2399 1486 2487 Baqia

521 2498 689 2566 Edaoardi
713 2497 782 2564 air
794 2495 949 2585 finiente

479 2661 497 2688 “
519 2653 712 2730 Edwardus,
737 2651 802 2718 Dei
823 2652 940 2739 gratia,
964 2651 1039 2717 Rex
1069 2651 1211 2739 Angliae,
1235 2651 1398 2720 Dominus
1421 2653 1484 2722 Hi-

433 2761 451 2792 “
474 2754 608 2833 herniae,
631 2761 665 2821 et
688 2754 769 2820 Dux
791 2754 1017 2841 Aquitanniae,
1042 2755 1194 2820 omnibus
1218 2756 1263 2822 ad
1296 2776 1379 2842 quos
1401 2779 1483 2845 prae-

473 2863 582 2924 sentes
612 2856 735 2924 litterae
768 2856 991 2945 pervenerint,
1031 2857 1180 2922 salutem
1237 2857 1358 2925 Sciatis
1395 2861 1483 2946 quod

473 2983 549 3026 oum
571 2960 683 3026 dilecti
705 2965 740 3026 et
770 2959 883 3025 fideles
904 2959 1020 3038 nostri,
1044 2958 1160 3044 Major,
1195 2959 1420 3040 Aldermanni
1445 2987 1484 3031 ao

432 3069 450 3098 “
472 3063 584 3129 caeteri
607 3063 696 3130 cives
718 3060 865 3128 civitatis
888 3067 1010 3128 nostrae
1026 3060 1280 3142 Londoniarum,
1304 3086 1409 3152 nuper
1423 3088 1482 3154 pro

431 3173 449 3203 “
472 3165 701 3232 melioratione
723 3164 871 3230 civitatis
893 3163 1105 3249 ejusdemne
1126 3186 1186 3251 pro
1208 3167 1376 3233 communi
1392 3169 1480 3234 utili-

432 3276 451 3306 “
473 3271 544 3335 tate
567 3266 796 3334 habitantium
820 3266 856 3331 in
878 3265 1017 3331 civitate
1039 3265 1098 3331 illa
1120 3270 1155 3332 et
1178 3267 1415 3335 confluentium
1437 3273 1479 3337 sd

429 3377 449 3409 “
471 3369 619 3450 eandem,
643 3369 795 3457 quaedam
822 3368 911 3434 inter
937 3389 971 3433 se
995 3367 1202 3436 ordinassent
1217 3373 1252 3434 et
1276 3371 1481 3454 statuissent,

470 3478 630 3561 perpetuo
653 3470 867 3551 observanda,
892 3475 926 3536 et
947 3470 1044 3535 nobis
1066 3492 1141 3536 cum
1171 3472 1334 3538 instantia
1357 3475 1480 3562 suppli-

429 3585 448 3612 “
470 3580 598 3642 oassent
612 3579 651 3641 ut
666 3597 705 3641 ea
719 3577 888 3661 aooeptsre
904 3593 1090 3638 curaremus
1112 3579 1146 3638 et
1161 3573 1479 3656 confirmare—Nos,

428 3686 447 3715 “
470 3677 626 3765 inspeetis
663 3676 863 3764 quibusdam
888 3675 1012 3740 litteris
1037 3673 1216 3742 Communi
1248 3675 1366 3764 Sigillo
1400 3678 1480 3745 eivi-

429 3789 447 3819 “
471 3781 552 3846 tutis
589 3779 687 3858 illius,
727 3799 765 3845 ao
804 3777 921 3866 Sigillo
956 3776 1054 3844 offioii
1093 3777 1295 3864 Majoritstis
1334 3779 1479 3866 ejusdem

429 3891 447 3920 “
470 3883 627 3962 civitatis,
644 3903 742 3968 super
764 3879 943 3968 praemissis
970 3884 1126 3968 potenter
1150 3880 1299 3968 signatis,
1327 3887 1363 3948 et
1384 3883 1479 3949 nobis

427 3995 445 4022 ‘⁴
467 3984 633 4064 exhibitis,
651 3983 810 4070 quosdam
833 3982 1001 4048 Articulos
1024 4005 1044 4047 a
1065 3982 1186 4048 litteris
1201 3982 1369 4070 praedietis
1394 3984 1477 4064 elisi,

427 4095 446 4124 “
467 4093 502 4154 et
517 4109 571 4154 eos
582 4087 620 4152 in
631 4084 827 4172 quibusdam
839 4083 964 4170 corrigi,
980 4083 1124 4166 fecimus,
1136 4088 1235 4172 prout
1246 4085 1383 4151 inferius
1394 4087 1478 4152 inse-

428 4199 445 4228 “
467 4187 814 4266 rantur-Videlicet,
828 4187 917 4274 quod
930 4186 1037 4272 Major
1052 4193 1087 4253 et
1096 4185 1312 4253 Vioeoomites
1332 4187 1478 4255 civitatis

426 4301 446 4332 “
468 4293 635 4382 praediotae
660 4313 720 4380 per
754 4290 842 4357 cives
864 4289 1010 4375 ejsudem
1031 4289 1184 4369 civitatis
1204 4289 1306 4377 juxta
1328 4297 1477 4358 tenorem

427 4405 445 4432 “
468 4395 666 4464 chartarum
681 4392 930 4482 progenitorum
944 4396 1140 4471 nostrorum,
1158 4393 1323 4477 quondam
1347 4391 1477 4481 Regum

424 4505 443 4537 “
465 4497 606 4586 Angliaa
630 4497 676 4563 eis
698 4495 777 4562 iude
808 4493 1038 4571 confectarum,
1062 4493 1236 4581 eligantur,
1264 4499 1299 4560 et
1321 4517 1389 4562 non
1411 4495 1478 4561 aiio

426 4612 444 4639 ‘⁶
466 4603 572 4668 modo.
618 4600 664 4666 Et
686 4599 775 4685 quod
806 4597 914 4685 Major
944 4595 1093 4662 civitatis
1123 4597 1289 4683 praediotae
1312 4597 1348 4663 in
1371 4596 1476 4664 officio

425 4714 442 4744 “
466 4703 669 4794 Majoritatis
690 4701 780 4768 illius
794 4702 884 4768 ultra
908 4723 1013 4767 unum
1039 4723 1166 4766 annum
1186 4701 1285 4766 simul
1313 4722 1382 4768 non
1405 4722 1474 4767 mo-

424 4819 443 4846 “
464 4813 565 4876 retur.
613 4805 660 4873 Et
682 4803 771 4893 quod
804 4803 917 4870 nullus
933 4803 1174 4870 Vieeoomitum
1198 4803 1346 4869 civitatis
1372 4803 1472 4882 illius,
