3600 5822
310 929 352 996 14
368 943 452 996 auu.
468 927 522 1017 ru]
539 939 652 994 oseca
666 941 849 994 corcram
864 943 907 994 ro
922 942 993 993 rsa
1004 937 1246 994 vrorunmaas.
1294 923 1358 995 307

305 1151 364 1218 pro
401 1131 462 1198 tuli
485 1133 591 1220 pretio
614 1130 826 1218 supradicto;
862 1135 898 1196 et
928 1129 1002 1196 ideo
1039 1129 1304 1216 impetraverunt
1337 1147 1358 1190 a

306 1235 451 1301 Domino
483 1235 573 1323 Rege
607 1233 751 1324 gratiam
785 1255 883 1321 super
914 1233 980 1299 hiis
1011 1231 1205 1309 uberiorem,
1229 1230 1266 1296 in
1288 1229 1358 1296 baec

306 1338 586 1519 remmus,
604 1440 668 1506 Dei
690 1439 809 1528 gratia,
835 1441 893 1504 eto
941 1437 1033 1504 Licet
1054 1457 1168 1524 nuper,
1192 1440 1357 1523 praetextu
1370 1456 1505 1501 caesuru-

307 1549 325 1580 «
349 1543 485 1610 renarra
514 1541 674 1630 paces,
710 1540 853 1608 sesses
883 1539 1012 1627 putea
1043 1538 1245 1628 presumas,
1269 1540 1357 1626 quoe
1370 1509 1527 1612 &stlta

307 1653 327 1684 “
348 1645 507 1712 victualia
528 1667 588 1733 pro
609 1648 699 1711 certo
722 1645 837 1730 pretio,
854 1665 913 1730 per
926 1663 986 1710 vos
1008 1647 1146 1722 statuto,
1161 1643 1199 1709 in
1220 1642 1358 1710 civitate
1370 1609 1510 1714 lllllltl

309 1756 326 1784 “
350 1749 596 1814 Londoniarum
627 1752 663 1814 et
694 1745 862 1812 suburbiis
885 1745 1041 1832 ejusdem,
1069 1745 1212 1812 durante
1244 1748 1357 1812 eodem
1371 1712 1502 1858 ffiffih

308 1858 326 1888 “
349 1851 482 1931 Itinere,
500 1851 730 1929 venderentur,
747 1853 848 1936 prout
873 1852 986 1914 vestro
1007 1847 1221 1916 incumbebat
1243 1847 1357 1929 officio,
1505 1846 1511 1858 '

307 1959 325 1990 “
347 1957 382 2020 et
414 1954 452 2018 in
478 1953 551 2018 aliis
590 1952 775 2019 Itineribus
809 1951 847 2018 in
873 1949 1098 2018 Gemitatibus
1128 1952 1222 2038 regni
1252 1954 1359 2018 nostri

307 2061 327 2094 “
348 2056 421 2122 fieri
447 2055 641 2137 cousuevit3
682 2055 762 2142 quia
793 2059 906 2122 tamen
939 2053 983 2118 ad
1020 2053 1200 2135 civitatem,
1231 2055 1360 2121 ratione

309 2165 328 2194 “
350 2158 536 2246 praesentiae
562 2162 685 2225 nostrie
711 2179 811 2246 quam
835 2157 1021 2245 placearum
1046 2163 1242 2239 nostrarum,
1279 2165 1359 2226 tunc

307 2261 472 2327 “ibidem
503 2261 722 2328 residentium
757 2264 954 2348 magnatum
997 2264 1032 2326 et
1066 2261 1207 2328 aliorum
1238 2284 1360 2350 magna

308 2372 327 2402 ‘¹
348 2365 485 2432 confluit
512 2365 700 2444 multitudo,
726 2385 771 2444 ac,
798 2368 969 2452 praetextu
991 2364 1255 2452 proclamationis
1277 2388 1358 2454 pree-

308 2475 328 2506 “
350 2467 457 2548 dictes,
482 2473 522 2534 ut
546 2465 778 2546 intelleximus,
806 2467 916 2554 plures
939 2489 974 2532 se
1001 2467 1184 2547 retrahunt,
1208 2469 1265 2554 qui
1298 2469 1358 2533 bu·

308 2579 327 2606 “
343 2569 491 2656 jusmodi
513 2569 674 2636 victualia
696 2569 740 2635 ad
764 2569 902 2638 eandem
926 2570 1098 2636 civitatem
1121 2569 1202 2635 alias
1232 2571 1359 2637 deferre

309 2681 327 2710 “
349 2673 474 2742 vellent
503 2673 547 2739 ad
576 2672 811 2753 vendendum
842 2673 879 2737 in
901 2676 1043 2754 tantum,
1061 2673 1150 2758 quod
1174 2673 1283 2760 Major
1304 2674 1359 2740 de·

308 2782 327 2816 “
348 2776 452 2844 fectus
483 2775 689 2855 victualium,
722 2798 762 2842 ea
788 2775 963 2857 occasione,
997 2775 1063 2841 hiis
1089 2773 1204 2842 diebus
1235 2777 1359 2844 ibidem

308 2889 326 2918 “
347 2878 632 2968 repererit-Nos,
648 2878 871 2946 desiderantes
887 2879 975 2965 quod
990 2879 1149 2946 victualia
1163 2881 1207 2946 ad
1222 2882 1358 2947 eandem

307 2989 325 3021 “
347 2984 517 3050 civitatem
543 3003 603 3069 pro
629 2982 795 3048 communi
818 2981 966 3049 utilitate
989 2983 1026 3047 in
1051 3005 1173 3071 magna
1195 2984 1359 3050 habuntia

306 3095 325 3122 ‘⁴
348 3085 549 3167 deferantur,
564 3084 718 3150 volumus
739 3089 775 3151 et
797 3084 989 3151 ordinamus
1010 3083 1072 3150 hae
1098 3085 1177 3164 vice,
1195 3086 1236 3152 de
1250 3088 1358 3174 gratia

306 3198 325 3226 “
347 3193 462 3255 nostra
496 3188 636 3275 speciali,
673 3188 772 3274 quod,
814 3209 881 3253 non
915 3187 1070 3254 obstante
1100 3187 1357 3277 proclamatione

306 3301 325 3328 “
347 3289 512 3379 predicta,
536 3295 734 3358 mercatores
762 3294 797 3357 et
827 3289 885 3354 alii
914 3289 1072 3356 victualia
1101 3291 1138 3355 in
1168 3291 1282 3356 endem
1314 3293 1358 3358 ci-

307 3401 326 3434 “
349 3394 455 3460 vitate
485 3399 520 3460 et
558 3393 726 3460 suburbiis
752 3393 906 3480 ejusdem,
930 3393 1053 3480 absque
1085 3393 1354 3475 forstallamento,

307 3503 326 3538 “
348 3495 498 3564 vendant
528 3519 590 3584 pro
619 3495 812 3564 rationabili
846 3495 963 3584 pretio,
996 3500 1097 3582 prout
1128 3502 1231 3586 antea
1250 3497 1356 3565 faeere

306 3606 596 3668 “consueverunt
652 3599 698 3667 Et
719 3599 803 3680 ideo,
828 3599 922 3666 vobis
944 3600 1139 3666 mandamus
1161 3601 1250 3690 quod
1272 3603 1356 3668 hanc

306 3705 591 3771 “ordinationem
621 3707 769 3770 nostram
799 3701 931 3791 publice
961 3703 1156 3791 proclamari
1188 3708 1225 3771 et
1246 3705 1355 3771 obser·

305 3813 324 3844 “
346 3806 419 3873 vari
441 3805 578 3872 faciatis.
622 3805 721 3872 Teste
743 3806 874 3894 meipso,
891 3804 971 3874 etc.''

350 3909 476 3975 Eodem
498 3909 551 3975 die
574 3908 724 3990 Sabbati,
742 3907 848 3998 Major
862 3912 898 3975 et
912 3909 999 3976 cives
1021 3909 1057 3974 in
1080 3911 1211 3997 scriptis
1233 3911 1355 3977 delibe—
1368 3921 1469 3968 suasu

1367 3975 1516 4026 procaciore

304 4017 465 4078 raverunt
487 4011 698 4077 clamationes
719 4011 915 4080 libertatum
939 4033 1062 4094 eorum,
1086 4013 1250 4096 videlicet,
1274 4023 1501 4128 quaeldulliese

305 4115 495 4181 habuerunt
515 4135 575 4202 per
597 4113 738 4181 (ibertus
760 4116 876 4204 regias,
901 4121 936 4182 et
958 4115 1175 4182 nibilominus
1205 4123 1355 4206 petentes
1366 4127 1393 4169 0¹
1406 4126 1508 4170 thester-
1614 4129 1617 4136 ’

1367 4177 1440 4220 Claim
1450 4180 1476 4222 ot

303 4218 457 4304 antiquas
479 4216 731 4284 consuetudines
746 4239 821 4286 suas
835 4240 918 4305 quas
940 4218 976 4284 in
998 4219 1128 4306 seriptis
1150 4241 1218 4286 non
1240 4226 1354 4309 potue·
1367 4228 1497 4332 ffilglffi

303 4325 383 4386 runt
405 4341 534 4386 sursum
549 4320 692 4400 reddere,
716 4343 755 4387 eo
778 4321 874 4408 quod,
891 4321 1068 4388 secundum
1091 4323 1265 4409 antiquam
1280 4329 1522 4428 ⁰011·‘,¹,¹,3l,¹,3l,2{„

305 4421 515 4490 suetudinem
537 4422 693 4501 civitatis,
717 4423 876 4506 solebant,
899 4425 1032 4511 quaudo
1055 4425 1199 4512 oppositi
1220 4425 1355 4494 fuerunt

306 4526 348 4593 de
378 4516 490 4613 aliqua
511 4525 695 4612 quaetione
727 4527 898 4594 civitatem
921 4531 1088 4615 tangente,
1112 4536 1266 4595 oretenus
1288 4529 1353 4596 cla-

304 4651 394 4695 mare
417 4651 494 4695 suas
516 4629 776 4710 consuetudines,
802 4635 837 4697 et
859 4629 906 4696 sic
928 4630 975 4697 eis
998 4629 1140 4697 allocar'a
1188 4631 1235 4698 Et
1256 4653 1355 4720 super

304 4731 367 4798 hoo
381 4731 552 4819 petiemmt
574 4731 719 4802 habendi
730 4731 893 4820 janitores
908 4738 943 4800 et
957 4733 1140 4800 servientes
1154 4755 1237 4818 suos,
1254 4741 1354 4824 prout

310 4834 432 4920 saepius
461 4834 637 4922 petierunt
698 4835 744 4902 Et
774 4857 872 4924 super
897 4836 966 4918 hoc,
999 4835 1169 4905 Galfridus
1194 4838 1225 4903 le
1251 4838 1354 4926 Sorop

1146 4943 1218 5010 152
