3600 5822
257 951 298 1016 14
315 967 399 1016 now.
417 949 469 1038 u]
495 962 647 1015 surroar
669 963 713 1012 or
735 961 805 1012 rnu
827 959 934 1011 curru
955 961 1001 1010 or
1023 959 1206 1011 urnaerrrs
1238 942 1301 1008 321

256 1173 330 1240 quae
345 1151 406 1218 hoc
421 1149 689 1218 testentur.-Et
705 1150 814 1236 quoad
829 1149 1004 1236 praedictos
1014 1147 1181 1213 Articulos
1194 1169 1202 1226 ;
1217 1145 1305 1232 quod
1338 1223 1342 1232 Ι

254 1255 399 1321 babeant
413 1254 597 1320 custodiam
613 1253 761 1319 omnium
785 1253 954 1339 prisonum
977 1271 1111 1316 suorum
1126 1249 1163 1314 in
1180 1249 1306 1314 Itinere

255 1356 543 1436 Justieiariorum;
578 1361 613 1422 et
636 1355 724 1442 quod
740 1354 848 1442 Major
880 1358 915 1420 et
942 1352 1161 1420 Aldermanni
1184 1351 1307 1417 debent

256 1465 407 1526 oretenus
433 1458 603 1524 recordere
630 1478 743 1522 omnes
769 1457 924 1542 autiquae
949 1455 1208 1534 consuetudines,
1236 1457 1305 1532 etc,
1319 1471 1426 1534 eumer

256 1562 372 1628 dicunt
387 1561 476 1646 quod
490 1561 563 1646 ipsi,
579 1564 615 1626 et
630 1580 743 1626 eorum
758 1563 978 1624 antecessores
994 1563 1029 1628 et
1044 1557 1304 1646 predecessores,
1318 1523 1475 1618 t‘fflldtl

255 1663 467 1730 libertatibus
489 1662 556 1728 illis
579 1667 613 1730 et
643 1660 946 1738 consuetudinibus,
980 1683 1003 1728 a
1035 1665 1184 1748 ternpore
1215 1659 1307 1745 cujus
1316 1623 1400 1677 Μή*

256 1769 414 1834 memoria
429 1789 496 1832 non
511 1765 635 1844 existit
646 1765 806 1831 hactenus
820 1765 873 1831 usi
888 1770 984 1845 sunt3
1006 1769 1042 1831 et
1056 1763 1144 1852 quod
1159 1762 1308 1830 custodia

255 1869 444 1956 buJ'usmodi
479 1869 648 1955 prisonem
681 1869 719 1933 in
755 1867 818 1934 hoc
845 1866 981 1949 Itinere,
1016 1871 1051 1933 et
1082 1866 1235 1932 similiter
1271 1865 1309 1930 in

255 1957 328 2037 aliis
352 1971 533 2038 Itineribus
562 1970 626 2051 bie,
654 1970 825 2036 commissa
847 1969 913 2036 lirit
943 1968 1200 2036 Vicecomitibus
1230 1968 1309 2034 civi-

256 2075 338 2140 tatis
368 2075 558 2161 praedietee3
595 2078 630 2139 et
653 2072 741 2158 quod
772 2072 813 2138 de
843 2071 990 2160 antiquis
1013 2071 1308 2139 consuetudinibus

256 2178 324 2242 suis
347 2181 498 2242 oretenus
519 2174 735 2242 recordabent
753 2175 942 2261 hujusmodi
964 2175 1250 2256 consuetudinem
1273 2177 1308 2239 et

256 2279 433 2344 allocutum
455 2279 528 2344 -fuit
557 2278 604 2344 eis
628 2299 738 2344 coram
775 2277 905 2366 Rogare
946 2278 978 2344 le
1019 2278 1220 2360 Brabazcne,
1245 2276 1306 2344 Oa-

256 2381 353 2469 pitali
375 2381 576 2477 Irrsticiario,
601 2380 644 2446 ad
678 2380 800 2467 placita
832 2381 969 2448 Domini
993 2380 1103 2469 Regis,
1138 2386 1173 2447 et
1206 2379 1308 2446 etiam

257 2505 366 2550 coram
390 2483 462 2550 aliis
480 2482 690 2562 susurronis,
707 2487 775 2562 etc,
793 2483 914 2569 pluries
940 2506 999 2572 per
1014 2483 1160 2550 diversos
1175 2482 1308 2549 Vieeco·

258 2587 355 2652 mites
369 2592 516 2672 tempore
530 2585 831 2671 praecedenti-Et
845 2585 888 2651 ad
903 2586 1095 2672 praedictum
1109 2585 1307 2664 Articulum,
1322 2597 1430 2643 cremor

258 2691 345 2776 quod
376 2688 596 2774 respondeant
620 2687 661 2754 de
684 2688 781 2754 terris
807 2709 865 2755 seu
887 2689 1086 2756 tenementis
1108 2688 1177 2755 suis
1201 2707 1310 2754 coram
1321 2645 1475 2747 ffidnmodl'

258 2791 459 2858 Justiciariis
494 2789 556 2870 hie,
592 2811 650 2856 eeu
684 2811 794 2858 eoram
827 2790 902 2858 aliis
932 2791 1134 2858 Justiciariis
1175 2750 1411 2879 quibus-W

259 2915 395 2982 cunque,
420 2892 485 2958 nisi
512 2895 581 2971 etc,
606 2891 722 2959 dicunt
745 2891 835 2980 quod
858 2891 1047 2980 hujusmodi
1070 2894 1207 2960 libertas
1229 2894 1311 2958 alias

259 3018 369 3088 coram
406 2994 607 3064 Justiciariis
645 2993 699 3060 hic
728 2995 847 3061 ultimo
885 2995 1122 3061 itinerantibus
1159 2996 1225 3061 fuit
1264 2996 1312 3061 eis

259 3099 411 3178 eborata,
426 3101 460 3163 et
483 3097 524 3164 de
539 3096 601 3164 hcc
624 3102 754 3184 ponunt
768 3119 803 3164 se
818 3119 917 3185 super
931 3099 1101 3164 recordum
1116 3097 1313 3164 Botulorum

261 3200 528 3268 Justiciariorurn
551 3199 698 3287 ejusdem
721 3199 877 3281 Itineris3
901 3205 935 3266 et
957 3221 996 3266 eo
1011 3204 1177 3266 warranto
1192 3201 1313 3266 clamat

261 3303 480 3369 commumtee
513 3302 673 3390 praedicta
693 3302 815 3368 habere
836 3301 1014 3382 libertates,
1038 3303 1248 3390 quietancias,
1278 3309 1314 3369 et

262 3405 515 3472 consuetudines
547 3404 824 3492 praedictas-Et
861 3405 971 3490 quoad
1008 3405 1198 3472 Articulum
1231 3425 1342 3493 prae·

262 3510 396 3586 dictum,
413 3508 502 3595 quod
516 3507 580 3594 ipsi
595 3507 636 3574 de
658 3506 790 3594 placitis
812 3505 856 3574 ad
877 3528 1031 3574 coronam
1054 3505 1191 3573 Domini
1215 3507 1339 3596 Regis·

262 3609 505 3699 pertinentibus
538 3631 588 3676 se
605 3609 733 3698 possint
764 3609 980 3676 disrationare
1010 3611 1190 3678 secundum
1228 3612 1316 3677 anti-

263 3735 363 3800 quam
390 3711 663 3778 consuetudinem
690 3711 847 3793 civitatis,
871 3716 941 3795 eta,
964 3713 1091 3778 dictum
1117 3718 1170 3780 est
1187 3715 1235 3781 eis
1258 3735 1316 3802 per

262 3815 286 3882 J
288 3815 480 3895 usticiarios,
503 3814 593 3900 quod
623 3813 793 3880 declarent
816 3814 925 3882 Curiae
947 3813 1082 3882 modum
1112 3821 1147 3883 et
1177 3817 1315 3883 formam

262 3917 452 4004 hujusmodi
484 3915 771 3984 disrationamcnti
794 3925 829 3984 et
860 3917 1112 3984 consuetudinis

310 4020 376 4101 Qui
407 4019 533 4099 dicunt,
557 4017 647 4104 quod
673 4019 812 4106 antiqua
843 4019 1044 4085 consuetudo
1079 4021 1225 4087 civitatis
1255 4025 1315 4100 est,

264 4122 354 4210 quod
369 4121 398 4188 si
413 4121 487 4207 quie
502 4120 587 4186 liber
609 4119 758 4187 civitatis
784 4119 920 4208 aliquod
940 4121 1098 4188 delictum
1119 4122 1241 4202 fecerit,
1258 4144 1317 4210 per

263 4224 352 4311 quod
375 4223 556 4312 periculum
579 4223 662 4291 vitae
684 4223 848 4290 incurrere
870 4222 996 4305 debeat,
1013 4230 1048 4290 et
1063 4246 1167 4310 usque
1193 4225 1318 4291 adven-

263 4334 337 4394 tum
367 4325 636 4392 Justiciariorum
671 4325 903 4391 itinerantium
937 4331 1174 4412 manucaptum
1207 4326 1316 4408 fuerit,

263 4433 298 4496 et
329 4428 407 4494 inde
434 4427 471 4493 in
498 4427 625 4494 Itinere
655 4431 770 4515 postea
792 4428 837 4494 sit
859 4427 903 4492 ad
933 4427 1095 4493 rationem
1118 4429 1253 4515 positus,
1284 4451 1318 4496 se

264 4532 484 4598 disrationare
506 4535 616 4618 potest
640 4552 699 4617 per
713 4529 762 4594 xii
793 4529 968 4598 Juratoree
990 4531 1117 4616 petriae,
1139 4531 1319 4597 secundum

265 4635 385 4721 Legem
410 4633 636 4712 Communem,
669 4631 723 4698 vel
746 4653 804 4719 per
833 4630 989 4718 Magnam
1013 4633 1134 4719 Legem
1161 4633 1318 4712 civitatis,

265 4737 427 4815 videlicet,
455 4757 515 4824 per
552 4735 660 4801 xxxvi
692 4735 814 4821 legales
848 4733 996 4799 homines
1027 4735 1194 4813 eivitatis3
1232 4738 1320 4802 unde

265 4839 350 4904 xviii
372 4839 450 4925 eligi
483 4837 606 4906 debent
629 4859 671 4904 cx
706 4859 772 4902 una
805 4840 899 4924 parte
925 4835 1023 4903 rivuli
1059 4836 1100 4903 de
1128 4838 1320 4905 Walebrolre

356 4957 484 5004 voum.
1160 4958 1186 5004 x
