3648 5816
430 856 494 918 140
763 873 867 924 umus
888 871 1133 928 cusmuasuu.
1263 861 1477 955 [3511me

282 1049 389 1142 ,ΗΜ
427 1065 446 1095 “
467 1059 583 1126 charia
613 1063 728 1128 nosira
760 1061 978 1140 confirmasse,
1003 1061 1124 1132 dilecto
1156 1062 1316 1132 servienti
1349 1070 1476 1148 nostro,

424 1168 447 1200 “
470 1160 618 1228 Mercino
641 1163 801 1242 Shenche,
832 1163 1005 1231 balistario
1028 1169 1155 1246 nostro,
1193 1170 1301 1233 lolam
1339 1167 1476 1236 domum

425 1271 446 1306 ‘⁶
467 1263 573 1343 illam,
587 1287 662 1330 cum
678 1266 887 1352 periinenhiis
901 1269 976 1345 suis,
992 1266 1030 1332 in
1047 1265 1270 1347 Melkeslreie,
1286 1269 1477 1338 incivitate

423 1372 446 1406 ‘⁶
468 1370 582 1432 nostra
604 1366 875 1452 Icudoniarum3
897 1370 1019 1456 deque
1040 1374 1161 1457 quarta
1181 1393 1258 1458 pais
1281 1369 1420 1439 devenit
1440 1372 1476 1440 in

425 1471 442 1502 “
463 1489 600 1534 manum
611 1475 768 1549 nostram,
786 1476 945 1558 tanquam
960 1477 1089 1539 escaela
1103 1477 1227 1554 nostra,
1243 1478 1475 1560 postmortem

422 1575 446 1610 ‘⁶
468 1569 571 1648 Isaac,
586 1570 648 1636 filii
663 1570 1024 1655 Abmhmludaehel
1047 1573 1177 1660 deque
1190 1579 1341 1640 nostres
1363 1581 1475 1662 palies

422 1677 442 1708 “
466 1673 663 1755 emebamus,
687 1695 747 1764 pro
769 1676 806 1742 lx
827 1677 946 1744 marcis
977 1676 1117 1764 argenti,
1147 1675 1188 1742 de
1211 1675 1235 1742 J
1237 1697 1322 1756 oceo,
1354 1677 1474 1765 Diaya,

422 1779 441 1810 “
463 1777 499 1840 ei
532 1773 692 1857 Samuele,
732 1778 890 1846 fiatribus
931 1778 1082 1867 praedicii
1120 1777 1221 1860 Isaac,
1253 1778 1382 1862 Judaei3
1415 1780 1473 1848 ha-

280 1881 284 1888 '
420 1878 609 1946 “bendum
633 1880 870 1948 eibeuendum
902 1880 1009 1948 cidem
1032 1880 1180 1948 Mariino
1214 1885 1250 1947 ei
1286 1880 1474 1950 haeredibus

423 1986 443 2018 “
466 1981 543 2061 suis,
568 1981 637 2048 sive
659 1983 840 2071 assignatis
864 1983 941 2065 suis,
957 1989 992 2050 ei
1015 1983 1204 2050 haeredibus
1226 2005 1351 2063 eorum,
1374 1985 1476 2054 libere

421 2089 439 2122 “
462 2085 581 2169 quiete,
606 2085 697 2164 bene,
735 2091 770 2152 ei
798 2085 834 2151 in
869 2107 955 2174 paee,
979 2085 1016 2150 in
1053 2091 1270 2173 perpetuum
1303 2087 1471 2154 reddendo

421 2193 440 2224 “
462 2187 540 2254 inde
554 2188 737 2267 ennuaiim,
762 2188 858 2254 nobis
880 2193 914 2254 ei
936 2187 1126 2255 haeoeffibus
1148 2188 1280 2266 nostris,
1298 2185 1471 2254 duodecim

421 2295 439 2328 “
462 2290 615 2357 deuatics
629 2291 769 2379 ergenii,
785 2290 948 2368 videlicet,
964 2311 1023 2356 sex
1038 2288 1192 2356 denarios
1206 2289 1250 2355 ad
1266 2289 1471 2354 Scaccarium

420 2397 614 2462 “nostrum
652 2392 796 2472 Paschae,
828 2398 864 2460 eh
900 2413 961 2458 sex
997 2391 1150 2459 denarios
1185 2390 1230 2456 ud
1264 2389 1471 2458 Scacearium

417 2500 438 2531 “
460 2501 611 2562 nostrum
649 2495 765 2564 senei
787 2493 968 2577 Michaelis,
991 2515 1052 2581 pro
1089 2494 1181 2561 omni
1211 2493 1354 2572 servilio,
1394 2514 1471 2559 cou-

419 2601 438 2633 “
461 2597 643 2674 sueiudine,
667 2601 702 2662 ei
726 2595 899 2678 demanda,
926 2596 971 2662 ad
993 2617 1053 2662 nos
1075 2595 1131 2661 vel
1153 2594 1301 2662 haeredes
1334 2601 1465 2662 nostros

419 2707 438 2735 “
459 2699 730 2785 pertinentibus3
752 2705 787 2766 ei
823 2697 975 2765 faciende
998 2696 1142 2763 dominis
1179 2697 1269 2764 feodi
1291 2697 1382 2763 illius
1402 2720 1469 2764 scr·

419 2807 438 2838 “
459 2801 581 2868 vilium
603 2801 681 2868 inde
712 2801 871 2869 debitum.
930 2800 1040 2883 Quare
1070 2800 1231 2880 volumus,
1267 2804 1302 2867 ei
1328 2799 1470 2868 firmiter

418 2909 437 2942 “
459 2904 674 2991 praecipimus,
714 2925 774 2992 pro
811 2903 907 2971 nobis
937 2907 971 2970 el
1004 2903 1190 2970 haeredibus
1224 2902 1357 2984 nostris,
1380 2903 1469 2989 quod

417 3012 437 3043 “
458 3007 636 3094 praedicius
652 3005 815 3074 Martinus
829 3011 864 3073 ei
878 3005 1025 3073 haeredes
1047 3005 1108 3086 sui,
1131 3005 1202 3072 sive
1225 3005 1384 3092 assignati
1406 3005 1467 3084 sui,

417 3119 436 3150 “
457 3115 492 3176 ei
507 3108 653 3176 haeredes
676 3131 798 3191 eorum,
814 3108 961 3176 habeant
985 3110 1020 3175 ei
1042 3111 1181 3174 teneant
1202 3110 1310 3173 iotam
1332 3107 1466 3174 domum

416 3219 436 3249 “
457 3211 558 3292 illam,
575 3234 650 3280 cum
671 3212 882 3300 pertinentiis
897 3211 974 3292 suis,
991 3210 1028 3274 in
1044 3208 1249 3291 Melkstrete,
1272 3209 1309 3274 in
1327 3207 1465 3276 civitate

417 3321 436 3352 “
458 3315 713 3395 Londoniarum,
730 3314 771 3380 de
786 3335 852 3400 qua
873 3317 993 3400 quarta
1015 3333 1092 3400 paus
1114 3311 1252 3378 devenit
1272 3311 1310 3376 in
1331 3333 1466 3377 manum

415 3423 434 3456 “
456 3422 612 3496 nostram,
628 3421 787 3502 tanquam
812 3420 938 3482 escaaha
963 3419 1085 3494 nostra,
1108 3418 1342 3500 postmortem
1363 3412 1466 3493 Isaac,

416 3527 434 3558 “
456 3519 517 3586 filii
543 3520 700 3599 Abrahae‚
723 3517 844 3599 ludaei,
868 3522 903 3584 ei
926 3517 968 3582 de
990 3537 1056 3604 qua
1078 3537 1139 3582 nos
1156 3521 1225 3582 ires
1247 3519 1357 3602 parles
1380 3535 1466 3581 eme·

415 3631 433 3660 “
456 3623 581 3702 bamus,
614 3644 674 3709 pro
704 3622 741 3686 lx
767 3619 884 3686 marcis
906 3619 1046 3706 ergenii,
1074 3618 1115 3685 de
1137 3618 1161 3685 J
1163 3639 1250 3697 oceo,
1284 3616 1404 3704 Diaya,
1430 3622 1466 3684 ei

415 3733 433 3764 “
457 3724 617 3806 Samuele,
654 3723 814 3790 fratribus
850 3721 1003 3809 praedicti
1044 3720 1148 3802 Isaac,
1193 3720 1217 3787 J
1219 3720 1314 3798 udaei,
1351 3720 1464 3800 libere,

414 3837 434 3867 “
455 3828 574 3916 quiete,
591 3829 683 3908 bene,
700 3827 784 3892 etin
798 3846 886 3913 pace,
904 3823 1176 3912 inperpetuum
1198 3822 1365 3888 reddendo
1387 3822 1465 3889 iude

414 3939 432 3970 “
455 3929 552 3998 nobis
590 3941 625 3998 ei
662 3929 846 3997 haeredibus
891 3927 1022 4005 nostris,
1061 3925 1243 4004 annuatim,
1291 3924 1464 3990 duodecim

414 4043 431 4073 “
454 4035 605 4103 denarios
619 4033 759 4120 arganil,
774 4029 939 4112 videlicet,
957 4050 1017 4095 sex
1032 4027 1185 4094 denarios
1200 4027 1244 4094 ad
1259 4025 1464 4093 Scaceauium

413 4141 605 4204 “nostrum
643 4133 786 4214 Paschae‚
818 4138 853 4200 ei
895 4153 954 4198 sex
991 4129 1143 4197 denarios
1176 4130 1220 4195 ad
1258 4125 1462 4195 Scaecarium

412 4248 432 4279 “
454 4245 605 4308 uosbrum
637 4237 752 4305 Samnii
783 4235 963 4314 Michaelis,
1000 4255 1059 4322 pro
1091 4232 1184 4298 omui
1210 4231 1357 4310 serviii0,
1388 4251 1465 4297 con-

412 4351 432 4382 “
453 4343 638 4421 sueiudine,
657 4347 692 4408 ei
714 4339 886 4420 demanda,
912 4337 956 4403 ad
989 4357 1050 4402 nos
1079 4334 1135 4401 vel
1157 4334 1302 4400 haeredes
1333 4337 1464 4399 nosbros

413 4455 433 4486 “
454 4444 721 4535 pertinentibus3
748 4447 783 4509 ei
804 4441 956 4508 faciendo
980 4438 1122 4504 dominis
1158 4435 1247 4504 feodi
1277 4435 1366 4502 illius
1397 4457 1465 4501 ser·

413 4556 431 4587 ‘¹
455 4549 576 4613 vilium
613 4547 692 4613 inde
729 4544 890 4623 debitum,
922 4541 1009 4608 sicui
1048 4539 1245 4628 praediolum
1278 4543 1338 4603 esi„
1386 4535 1465 4604 Hiis

413 4658 432 4690 “
454 4651 605 4731 lesiibus,
619 4649 787 4719 Willelmo
802 4647 844 4714 de
858 4645 1008 4722 Valence,
1025 4641 1126 4708 fratre
1148 4645 1273 4722 nostro,
1291 4639 1464 4708 Beriramo

413 4761 432 4792 ‘¹
454 4753 496 4820 de
519 4750 648 4834 Oriolle,
663 4750 688 4818 J
688 4752 818 4818 ohanne
833 4749 874 4816 de
890 4747 1092 4824 Lessineone,
1109 4741 1280 4831 Magistro
1296 4739 1465 4810 Willelmc
