3462 5836
478 889 542 956 888
827 902 931 952 smus
953 898 1198 951 eremmon
1316 883 1547 972 [llnnwsrr.

480 1094 497 1120 “
520 1088 567 1173 qil
603 1108 647 1153 ne
679 1085 815 1153 feissent
857 1087 935 1152 nule
972 1085 1124 1152 novelete
1155 1106 1195 1171 qe
1240 1083 1313 1150 ient
1352 1091 1544 1153 encountre

481 1199 497 1224 “
520 1189 672 1256 launcien
694 1194 782 1257 estat
812 1190 853 1255 de
883 1190 916 1256 la
946 1191 1011 1256 cite
1043 1210 1086 1254 ou
1116 1208 1137 1253 a
1167 1187 1328 1254 destresce
1358 1189 1399 1255 de
1423 1190 1459 1255 la
1483 1211 1544 1258 co-

481 1301 498 1328 “
521 1289 649 1358 mune.'’

525 1633 629 1699 “Rex
652 1631 773 1719 Majori
796 1636 831 1698 et
854 1630 1121 1714 Vicecomitibus,
1153 1632 1302 1698 salutem.
1350 1631 1404 1696 Ex
1438 1639 1543 1719 parte

430 1716 446 1758 ¹
522 1737 775 1825 piscenariorum
798 1735 840 1801 de
867 1734 955 1800 Keia
975 1757 1050 1822 quse
1068 1739 1207 1800 vocatur
1230 1732 1295 1798 “lu
1310 1733 1507 1821 Fisbccarfc
1521 1734 1543 1760 ''

524 1833 780 1918 londoniarum,
808 1837 905 1904 nobis
937 1844 988 1904 est
1021 1842 1197 1916 ostensum,
1237 1835 1327 1923 quod
1362 1858 1437 1902 oum
1467 1837 1541 1924 ipsi

482 1950 501 1978 ‘⁴
523 1941 618 2008 liberi
658 1942 746 2006 cives
771 1939 920 2026 ejusdem
950 1940 1104 2020 civitatis,
1140 1944 1175 2006 et
1212 1939 1249 2005 in
1285 1938 1385 2005 Lotto
1416 1944 1452 2005 et
1500 1941 1541 2006 in

481 2053 499 2080 “
523 2044 637 2111 Scotto
652 2065 726 2110 cum
742 2042 869 2108 caeteris
884 2042 1013 2109 civibus
1026 2043 1062 2108 in
1079 2040 1231 2108 omnibus
1246 2041 1400 2108 oneribus
1411 2041 1541 2108 dictam

482 2147 695 2214 “civitatem
734 2144 960 2234 tangentibus,
988 2145 1137 2210 existent
1149 2170 1158 2226 3
1193 2144 1330 2232 ipsique,
1354 2149 1388 2211 st
1419 2165 1542 2210 eorum

483 2255 741 2316 “antecessores
775 2253 810 2314 et
840 2247 1098 2336 praedecessores
1135 2247 1316 2336 piscenarii,
1355 2247 1470 2313 allecia
1503 2253 1542 2314 et

482 2363 499 2388 “
522 2354 588 2419 slis
610 2351 741 2418 diversa
766 2372 886 2439 genera
919 2350 1058 2438 piscium
1092 2355 1161 2416 tam
1192 2373 1251 2438 per
1280 2357 1402 2416 terram
1433 2372 1541 2436 quam

483 2465 500 2491 “
523 2477 582 2545 per
598 2477 725 2541 aquam,
744 2475 803 2542 pro
826 2453 1067 2519 sustentatione
1087 2453 1200 2541 populi
1227 2453 1371 2540 ejusdem
1387 2453 1542 2519 civitatis

483 2567 500 2593 “
524 2564 559 2624 et
581 2558 720 2622 aliorum
745 2555 788 2622 ad
814 2555 952 2622 eandem
977 2555 1222 2634 confluentium,
1249 2579 1270 2621 a
1293 2561 1442 2643 tempore
1468 2577 1542 2642 quo

482 2670 499 2694 “
523 2681 589 2724 non
612 2662 707 2724 extet
732 2659 897 2737 memoria,
919 2679 1023 2745 usque
1047 2657 1091 2724 ad
1117 2659 1287 2725 civitatem
1310 2657 1401 2723 illem
1417 2659 1541 2725 ducere

482 2768 500 2797 “
523 2766 557 2826 et
580 2761 616 2824 in
641 2759 751 2848 shopis
777 2761 845 2826 suis
870 2782 968 2848 super
992 2761 1113 2826 Kaiam
1136 2759 1328 2848 praedictom
1348 2760 1542 2826 venditioni

484 2872 500 2898 “
524 2883 695 2950 exponere,
720 2867 755 2928 et
782 2883 821 2929 es
836 2867 907 2928 tam
931 2864 967 2928 in
982 2885 1094 2950 grosso
1121 2885 1221 2950 quarn
1244 2863 1468 2951 particulatim
1494 2864 1542 2930 ad

483 2975 499 3000 ‘¹
522 2965 686 3032 retslliam
709 2965 860 3031 omnibus
887 2965 1074 3052 hujusmodi
1101 2965 1215 3032 allecia
1239 2971 1275 3032 et
1296 2967 1416 3052 piscem
1449 2988 1542 3032 eme-

484 3079 501 3104 “
524 3091 560 3134 re
590 3067 780 3134 volentibus
803 3067 946 3134 uendere
980 3069 1217 3148 consueverint,
1241 3074 1341 3156 prout
1370 3073 1542 3155 emptores

484 3179 501 3206 “
523 3169 573 3235 illi
599 3169 790 3256 hujusmodi
823 3168 968 3256 piscibus
997 3169 1306 3258 indigebant-Vos
1337 3170 1541 3258 piscensrios

483 3281 501 3307 “
523 3271 697 3360 prredictos
731 3273 906 3358 quominus
930 3271 1045 3338 allecia
1080 3276 1114 3338 et
1138 3273 1268 3358 piscem,
1295 3295 1354 3360 per
1385 3273 1474 3360 ipsos
1504 3282 1542 3342 et

482 3383 500 3409 “
523 3395 636 3440 eorum
662 3375 843 3439 servientes
867 3373 992 3439 ibidem
1013 3375 1122 3453 ducta,
1154 3374 1190 3439 in
1227 3374 1338 3462 shopis
1367 3377 1542 3462 praedictis

482 3485 499 3511 “
521 3477 566 3541 sd
590 3475 754 3541 retallism
785 3474 985 3562 pauperibus
1022 3480 1057 3541 et
1090 3475 1165 3542 eliis
1194 3477 1253 3563 qui
1278 3498 1317 3542 ea
1356 3476 1392 3541 in
1422 3499 1541 3564 grosso

481 3588 498 3614 “
521 3600 627 3644 emere
661 3599 729 3644 nou
761 3576 930 3643 sufficiunt
960 3599 1020 3642 neo
1059 3585 1183 3658 curant,
1222 3579 1364 3645 vendere
1386 3588 1540 3667 possunt,

481 3690 499 3716 ‘⁴
521 3681 608 3746 sicut
635 3700 762 3766 semper
784 3679 943 3744 hactenus
969 3679 1075 3746 facere
1106 3686 1356 3760 consueverunt,
1383 3680 1456 3766 jam
1494 3685 1540 3751 de

383 3825 388 3833 ·
481 3791 499 3818 “
523 3803 612 3848 novo
651 3781 811 3868 impedire
842 3781 1029 3864 intenditis,
1071 3783 1182 3848 minus
1218 3785 1330 3870 juste3
1368 3785 1467 3870 quod,
1510 3789 1542 3852 si

480 3893 499 3921 “
521 3885 724 3964 toleraretur,
747 3883 783 3948 in
806 3883 964 3950 damnum
986 3885 1218 3953 inaestimabile
1251 3886 1366 3974 populi
1387 3888 1540 3973 ejusdem

482 3995 499 4022 “
522 3986 667 4052 civitatis
707 3989 742 4050 et
779 3985 926 4072 partium
958 3987 1189 4073 adjacentium,
1227 4010 1265 4054 sc
1305 3988 1445 4054 aliorum
1492 3994 1539 4058 ad

481 4087 658 4154 “eandem
685 4086 855 4153 civitatem
885 4089 930 4154 ad
965 4089 1155 4174 hujusmodi
1192 4089 1351 4156 motualie
1376 4113 1435 4179 pro
1464 4115 1539 4160 sus-

481 4190 708 4256 “tentatione
739 4211 799 4256 sna
836 4190 976 4257 emenda
1005 4193 1219 4270 venientium,
1243 4198 1279 4258 et
1299 4195 1445 4281 ipsorum
1467 4197 1538 4282 pis-

481 4302 499 4328 “
520 4293 724 4359 senariorum
747 4292 982 4379 praejudicium,
999 4299 1040 4360 nt
1055 4293 1183 4375 dicitur,
1200 4295 1331 4361 cederet
1352 4297 1538 4366 manifeste

481 4403 499 4432 “
522 4396 569 4461 Et
584 4395 663 4481 quia
685 4395 847 4460 sustinere
863 4396 1024 4476 nolumus,
1042 4395 1131 4483 quod
1146 4419 1186 4462 ea
1200 4419 1275 4485 quse
1290 4419 1351 4484 pro
1366 4404 1538 4467 communi

480 4497 670 4563 “utilitate
702 4496 817 4584 populi
846 4499 994 4564 stantis
1027 4499 1233 4586 temporibus
1266 4501 1440 4566 retroactis
1461 4502 1539 4569 fieri

481 4605 498 4634 “
521 4605 772 4677 consueverunt,
807 4619 867 4686 pro
906 4599 1036 4665 damnis
1066 4621 1140 4687 qua
1176 4600 1283 4666 eidem
1319 4602 1442 4690 populo
1475 4625 1541 4691 per

480 4707 498 4734 “
521 4699 779 4768 subtractionem
796 4701 975 4770 eorundem
998 4706 1157 4790 potenmt
1180 4703 1322 4788 evenire,
1344 4705 1541 4775 voluntarie
