3624 5824
452 873 516 946 170
788 891 892 940 imm
913 889 1157 942 cusrurmsuu.
1317 875 1351 964 [9
1363 895 1449 946 mu.
1462 897 1500 948 rr.

450 1078 526 1142 nius
548 1079 743 1157 continetur,
772 1083 831 1144 etc
879 1080 952 1160 Quo
985 1081 1118 1167 quidem
1145 1103 1296 1170 processu
1330 1083 1367 1149 in
1389 1084 1501 1170 hujus-

450 1179 540 1245 modi
563 1201 647 1260 0000,
680 1184 750 1246 tom
773 1203 882 1247 coram
904 1182 1105 1250 Justicieriis
1139 1183 1180 1249 dc
1203 1182 1313 1252 Bsnco
1339 1207 1439 1274 quam
1465 1185 1501 1252 in

451 1283 635 1370 Hustengo,
660 1303 718 1370 per
741 1281 823 1349 duos
846 1305 951 1351 annos
975 1285 1174 1374 etamplius
1196 1287 1400 1369 continuato,
1424 1291 1502 1375 quis

451 1384 579 1451 civibus
609 1385 707 1452 dietae
751 1387 897 1453 civitatis
936 1385 1043 1455 cdhuc
1090 1387 1216 1455 duritie
1256 1389 1500 1478 periculumque

450 1489 632 1554 maximum
663 1489 842 1556 videbatur
870 1490 1050 1572 imminere,
1084 1489 1121 1557 in
1153 1513 1192 1560 eo
1223 1492 1386 1573 videlieet,
1412 1495 1500 1581 quod

451 1613 525 1656 curn
548 1590 737 1676 hujusmodi
767 1591 966 1678 placitantes
989 1599 1024 1660 ct
1057 1593 1100 1660 od
1122 1597 1312 1662 ware-ntum
1344 1605 1500 1664 vocantes

450 1695 867 1774 brevism1s,(lcncellsrie
890 1697 1028 1762 Domini
1052 1697 1152 1785 Regis
1175 1699 1369 1765 multotiens
1390 1700 1427 1766 in
1449 1722 1501 1766 re-

451 1799 550 1863 motis
580 1797 731 1884 portibus
765 1797 936 1879 existente,
961 1806 1171 1886 quaercrent3
1193 1807 1228 1868 et
1260 1801 1395 1888 quidum
1421 1825 1501 1889 psu-

450 1906 620 1988 pertstem,
647 1902 781 1987 quidem
812 1903 912 1968 etism
938 1904 1178 1990 aegritudinem,
1211 1910 1246 1970 et
1276 1904 1340 1970 hiis
1372 1905 1499 1986 similia,

450 2005 623 2090 patientes
639 2005 689 2070 its
703 2005 837 2072 fuerent
852 2005 1005 2093 impediti
1020 2005 1109 2092 quod
1124 2009 1167 2074 ed
1184 2007 1281 2086 diem,
1298 2007 1363 2073 sibi
1386 2009 1499 2076 datum

449 2108 487 2171 in
509 2107 627 2188 Bnnco,
653 2131 728 2174 cum
757 2108 913 2176 brevibus
936 2110 1004 2176 suis
1036 2110 1200 2198 attingere
1236 2132 1305 2176 non
1337 2116 1498 2197 poterent,

450 2216 560 2276 totum
583 2234 767 2298 processum
790 2235 887 2278 suum
909 2213 1097 2300 frequenter
1112 2215 1311 2296 smisemnt;
1334 2214 1499 2302 perquod,

450 2315 493 2381 ad
515 2315 775 2402 prosecutionem
791 2316 955 2382 dictorum
975 2316 1108 2397 civium,
1126 2335 1235 2382 eorem
1250 2315 1397 2383 Domino
1412 2317 1502 2405 Rege

453 2422 488 2485 et
511 2417 655 2484 Consilio
678 2439 736 2484 suo
759 2419 1036 2506 prosequentium,
1062 2419 1236 2486 Articulns
1267 2419 1400 2487 Stetuti
1420 2442 1503 2508 prce-

453 2519 535 2586 dicti
564 2521 601 2584 in
627 2541 705 2586 casu
735 2523 1088 2608 praedicendorum,
1114 2543 1201 2589 cuno
1238 2523 1333 2611 regni
1364 2525 1416 2589 nri
1438 2524 1498 2602 ix⁰,

452 2627 523 2687 eret
559 2631 742 2704 correctum
776 2645 874 2712 quem
898 2626 1032 2713 quidem
1062 2625 1257 2707 Articulum,
1291 2627 1327 2691 in
1357 2626 1500 2714 quodam

451 2725 546 2790 brevi
568 2725 738 2806 inclusum,
766 2727 930 2794 Dominus
952 2727 1026 2794 Rex
1053 2726 1173 2815 Majori
1195 2733 1231 2796 et
1245 2727 1502 2796 Vicccomitibus

451 2827 632 2910 mandavit,
656 2830 718 2895 sub
741 2849 787 2910 eo,
812 2831 871 2918 qui
892 2831 1048 2920 sequitur,
1072 2831 1207 2900 tenore.l

308 3047 405 3094 9···900
496 3046 632 3116 Virtute
655 3049 747 3136 cujus
762 3049 874 3116 brevis
896 3056 932 3118 et
955 3049 1099 3118 Articuli
1121 3047 1363 3140 praedictorum,
1389 3071 1501 3118 omnes

282 3123 434 3219 Wolff
453 3151 620 3240 Oepitsles
651 3153 834 3220 Justicisrii
866 3153 907 3220 de
941 3152 1061 3234 Bcnco,
1099 3155 1207 3221 medio
1238 3159 1387 3243 tempore
1418 3153 1503 3220 exis-

281 3225 352 3320 sin
332 3239 407 3320 einr
453 3259 570 3336 tentes,
604 3256 767 3335 videlicet,
792 3255 935 3324 Thomas
966 3257 1009 3324 dc
1034 3255 1225 3345 Weylonde,
1252 3257 1421 3323 «Iohannes
1462 3257 1503 3322 de

281 3326 393 3472 ΞΞΞΜ
357 3328 431 3423 iffi
453 3357 668 3447 Metinghsm,
694 3359 887 3447 deulphus
911 3361 952 3427 de
979 3359 1165 3480 Henghsm,
1198 3363 1233 3426 et
1256 3357 1440 3425 Willelmus
1464 3360 1504 3425 de

280 3477 339 3520 mn

280 3477 426 3622 00
347 3440 393 3522 0
367 3540 1030 3652 ιι,
867 3565 1503 3634 ι,

450 3672 580 3754 perunt,
620 3671 656 3734 et
689 3668 880 3786 hujusmodi
914 3668 1099 3746 forinsecos,
1136 3669 1179 3734 sd
1212 3673 1400 3736 warantum
1439 3687 1499 3735 vo-

450 3775 547 3850 catos,
588 3791 697 3836 coram
732 3771 780 3837 eis
812 3771 1013 3838 summonire
1046 3772 1203 3850 fecerunt,
1243 3775 1278 3836 et
1314 3769 1505 3858 hujusmodi

448 3873 570 3960 placite
586 3874 687 3961 juxta
709 3874 897 3940 Articulum
913 3875 1109 3962 praedictum
1130 3877 1319 3955 tenuerunt,
1336 3895 1439 3960 usque
1462 3872 1504 3938 cd

449 3998 574 4043 annum
600 3978 700 4066 Regis
723 3977 890 4058 Edwardi,
914 3977 976 4043 filii
999 3975 1101 4066 Regis
1124 3975 1291 4056 Edwardi,
1316 3977 1503 4064 septimum

451 4080 525 4160 Quo
548 4103 636 4147 enno
659 4081 793 4168 quidem
818 4081 996 4168 Gregorius
1017 4080 1057 4147 de
1081 4080 1275 4162 Nortone,
1264 4101 1301 4146 111
1323 4099 1399 4147 casu
1420 4101 1505 4166 prae·

279 4209 314 4254 ux
315 4211 419 4308 wli
450 4184 539 4250 dicto
561 4184 795 4272 implacitatus,
821 4185 917 4250 venit
939 4207 1048 4251 coram
1070 4185 1229 4272 praedicto
1251 4183 1398 4249 Domino
1422 4181 1504 4248 Wil-

278 4263 419 4409 ωέριωῗ
419 4277 548 4353 ⁰lelmo
571 4287 612 4354 de
635 4287 799 4366 Berelord,
824 4291 860 4352 et
881 4287 977 4354 sociis
998 4287 1073 4367 suis,
1098 4283 1297 4374 Justicisriis
1320 4285 1362 4351 de
1384 4285 1502 4364 Benco,

278 4363 434 4471 iiiiossilcim
451 4393 486 4456 ct
507 4409 616 4456 corum
639 4391 686 4456 cis
701 4389 898 4478 excipiendo
918 4391 1098 4479 proposuit,
1123 4386 1299 4478 quod1psi
1321 4388 1365 4454 cd
1379 4387 1504 4455 dictum

450 4491 658 4580 placitumt
643 4493 825 4560 tenendum
858 4500 1045 4580 warentem
1083 4513 1151 4559 non
1161 4491 1386 4572 habuerunt,
1427 4491 1505 4577 quic

475 4745 482 4775 ¹
495 4745 550 4798 'l'he
558 4743 656 4798 Articlc
666 4745 688 4798 ie
696 4747 795 4814 printed
806 4747 833 4799 in
843 4747 887 4798 the
899 4751 914 4777 9·
923 4745 1032 4807 Statum
1043 4745 1075 4812 os
1081 4743 1119 4798 tic
1130 4743 1217 4798 Rcalm
1225 4743 1240 4770 ''
1252 4745 1353 4812 (1810).
1400 4745 1447 4798 See
1462 4745 1505 4797 the

445 4823 589 4877 endeschit
602 4825 718 4878 Volumc.
