3600 5822
286 877 303 938 1
321 872 412 959 ron]
452 887 615 938 cesarea
637 887 680 938 ro
702 885 772 936 rire
794 883 949 936 crrrzmrs
972 883 1017 934 or
1039 882 1190 934 nonnos.
1277 867 1340 932 249

285 1083 303 1111 “
326 1074 523 1162 ubicumque
545 1094 600 1140 eas
622 1073 812 1140 habuerunt
834 1077 982 1158 tempore
1005 1069 1106 1157 Regis
1122 1065 1269 1145 Hernici,
1286 1065 1342 1131 avi

285 1186 303 1213 ‘⁴
326 1175 472 1256 Hemioi‚
504 1175 609 1262 patris
635 1176 748 1243 nostri.
796 1174 937 1262 Insuper
959 1172 1069 1250 etiam,
1096 1171 1139 1236 ad
1159 1168 1342 1236 emendati·

287 1287 305 1315 “
328 1299 423 1344 onem
438 1277 594 1357 civitatis,
612 1279 659 1344 eis
677 1276 902 1356 concessimus,
918 1275 1008 1363 quod
1023 1295 1136 1340 omnes
1151 1273 1220 1338 sint
1236 1271 1343 1359 quieti

286 1389 304 1416 “
327 1381 368 1447 de
393 1380 541 1459 Brudtol
567 1384 601 1445 et
628 1379 670 1446 de
696 1379 883 1458 Ohildwite,
899 1383 934 1445 et
957 1377 998 1443 de
1024 1377 1048 1442 J
1050 1397 1210 1464 eresgeve,
1237 1380 1272 1440 et
1303 1375 1344 1439 de

287 1491 305 1518 “
329 1483 459 1549 Sootale
473 1507 481 1563 3
504 1483 554 1547 ita
568 1481 657 1569 quod
667 1482 885 1548 Vioeoomitee
900 1479 1008 1545 nostri
1024 1476 1278 1554 Iaondoniarum,
1289 1477 1345 1542 vel

288 1593 305 1621 “
328 1585 447 1672 aliquis
461 1585 614 1666 ballivus,
632 1585 762 1651 Sootale
784 1605 852 1650 non
866 1580 1033 1669 faoia[n]t.
1081 1579 1154 1646 Has
1172 1579 1345 1666 praedictos

289 1696 307 1724 “
329 1687 584 1754 eonsuetudines
600 1688 646 1753 eis
661 1687 878 1766 oonoedimus,
895 1691 931 1751 et
945 1704 1059 1750 omnes
1075 1683 1156 1748 alias
1171 1682 1344 1748 libertates

288 1800 305 1826 “
328 1794 362 1857 et
384 1792 503 1858 liberas
519 1791 774 1857 eonsuetudines
791 1810 873 1875 quas
898 1786 1090 1852 habuerunt
1117 1790 1265 1871 tempore
1281 1783 1345 1850 Re-

288 1899 307 1929 “
329 1894 380 1980 gis
404 1893 549 1972 Hemioi,
582 1893 638 1959 avi
661 1891 808 1972 Henrioi
840 1890 946 1979 patris
976 1887 1091 1968 nostri,
1115 1887 1248 1974 quondo
1278 1908 1344 1952 me-

289 1995 427 2062 “liores
449 1996 504 2061 vel
534 1995 702 2062 liberiores
732 1994 929 2060 habuerunt
977 1991 1087 2073 Quare
1117 1989 1278 2068 volumus,
1311 1993 1345 2054 et

291 2105 309 2130 “
330 2097 470 2162 firmiter
509 2098 729 2185 praecipimus,
758 2096 848 2184 quod
886 2093 951 2182 ipsi
981 2098 1016 2159 et
1049 2092 1195 2159 haeredes
1231 2113 1345 2157 eorum

291 2208 308 2234 ‘⁸
331 2199 401 2266 haeo
424 2199 535 2265 omnia
558 2199 716 2288 praediota
739 2197 951 2266 hereditarie
973 2195 1119 2262 habeant
1150 2199 1186 2260 et
1207 2198 1346 2261 teneant

291 2309 309 2336 “
332 2301 373 2367 de
405 2300 500 2368 nobis
530 2307 565 2368 et
593 2301 779 2368 haeredibus
814 2299 943 2366 nostris.
1004 2297 1166 2377 Testibus,
1191 2296 1345 2362 Huberto

292 2412 310 2439 “
334 2403 567 2471 Cantuariensi
612 2403 875 2491 Archiepieoopo,
931 2400 1072 2467 Rioardo
1109 2398 1341 2477 Londoniensi,

292 2515 309 2542 “
333 2506 713 2593 HugoneDunelmensi,
733 2505 904 2572 Gileberto
928 2503 1085 2581 Roffensi,
1103 2501 1248 2590 Hugone
1264 2501 1343 2566 Lin-

291 2616 309 2643 “
331 2609 497 2688 ooluiensi,
509 2608 678 2696 Episcopis
686 2634 694 2690 ;
711 2607 888 2695 Ranulpho
900 2606 1029 2673 Comite
1043 2605 1189 2684 Cestriae,
1203 2605 1344 2670 Ricardo

293 2719 311 2746 “
335 2709 466 2778 Oomite
482 2712 524 2777 de
540 2709 643 2791 Olore,
662 2710 830 2776 Willelmo
855 2709 1057 2788 Maresoallo,
1087 2707 1217 2796 Rogero
1234 2707 1342 2794 Bigot,

292 2822 310 2849 ‘⁸
333 2813 493 2880 (lanfrido
535 2813 606 2879 filio
648 2813 750 2894 Petri,
800 2812 946 2901 Hugone
987 2809 1152 2891 Bardolfe,
1180 2810 1346 2877 Willelmo

291 2921 308 2952 “
332 2915 505 2997 Breiwere,
523 2915 690 2982 Willelmo
705 2917 746 2982 de
767 2916 941 2982 Warenne
987 2914 1113 2980 Datum
1136 2935 1196 3000 per
1209 2935 1345 2979 manum

292 3026 310 3053 “
333 3018 499 3098 willelmi,
526 3018 670 3084 Eliensis
697 3017 858 3106 Episcopi,
885 3016 1084 3084 Cancellarii
1114 3015 1230 3098 nostri,
1257 3017 1346 3103 apud

293 3127 311 3153 “
334 3118 560 3206 Wyntoniam
599 3119 764 3187 xxiiidie
798 3119 932 3207 Aprilis,
975 3139 1064 3186 anno
1106 3119 1201 3206 regni
1239 3119 1346 3184 nostri

294 3231 312 3258 ί(
334 3221 480 3309 quinum„

574 3586 720 3677 [Oltam
742 3589 846 3678 Repis
861 3588 1062 3676 Johnson]

338 3767 355 3796 “
380 3759 558 3838 lohannes,
586 3759 650 3825 Dei
681 3759 799 3847 gratia,
823 3759 898 3827 Rex
922 3761 1062 3848 Angliae,
1095 3759 1258 3826 Dominus
1283 3759 1346 3824 Hi·
1359 3779 1490 3844 olmera

293 3871 311 3897 “
332 3862 464 3942 herniae,
490 3862 571 3927 Dux
594 3861 819 3942 Normanniee,
846 3863 1070 3950 Aquitanniae,
1095 3868 1129 3928 et
1146 3863 1262 3930 Comes
1277 3863 1347 3927 An·
1359 3831 1495 3944 tli¹iie³⁰h¹¹

293 3973 312 4002 ‘⁶
334 3965 490 4051 degavioe,
515 3964 784 4052 Archiepisoopis,
818 3965 997 4054 Episcopis,
1023 3965 1220 4044 Abbatibus,
1239 3933 1495 4032 comi-limis..

292 4075 311 4104 ‘⁶
332 4067 431 4147 tibus,
457 4066 649 4147 Batonibus,
676 4067 887 4147 Justieiariis,
918 4068 1186 4148 Vioeoomitibus,
1211 4068 1344 4154 Praepo-

295 4176 314 4205 “
337 4170 418 4248 sitis,
448 4174 483 4236 et
505 4169 660 4236 omnibus
690 4169 823 4235 ballivis
850 4175 884 4235 et
908 4169 1062 4237 fidelibus
1090 4173 1166 4250 suis,
1198 4171 1346 4236 salutem.

295 4279 313 4306 ‘⁸
336 4271 455 4338 Sciatis
477 4293 538 4338 nos
560 4270 763 4352 concessisse,
781 4277 816 4338 et
830 4272 985 4358 praesenti
1001 4272 1126 4339 Obarta
1142 4278 1258 4339 nostra
1273 4294 1347 4338 oon-

295 4382 313 4410 “
334 4375 488 4454 firmasse,
520 4374 649 4441 civibus
686 4375 941 4454 Londoniarum,
963 4375 1238 4441 Vioeoomitatum
1262 4375 1349 4440 Lon·

295 4484 312 4513 “
335 4477 509 4544 doniarum
531 4481 566 4544 et
593 4477 635 4542 de
651 4476 880 4556 Middelsexia,
904 4499 979 4542 oum
1006 4476 1159 4542 omnibus
1190 4478 1288 4542 rebus
1314 4479 1349 4542 et

294 4580 629 4648 “consuetudinibus
662 4601 737 4667 quoe
770 4579 940 4666 pertinent
966 4580 1010 4644 ad
1035 4579 1231 4665 praedictum
1255 4579 1350 4644 Vice-

294 4687 313 4718 “
335 4684 540 4764 comitatum,
565 4681 653 4749 infra
668 4683 842 4749 civitatem
865 4685 900 4746 et
915 4686 1018 4759 extra,
1042 4703 1101 4769 per
1116 4687 1221 4748 terras
1235 4687 1270 4748 et
1291 4699 1350 4768 per

296 4792 314 4822 ‘¹
336 4807 448 4874 aquas,
466 4786 661 4853 habendum
676 4791 711 4854 et
726 4785 908 4852 tenendum
934 4784 981 4852 eis
1004 4789 1039 4851 et
1059 4781 1247 4852 haeredibus
1271 4784 1348 4867 suis,
